4416 5722
217 498 293 587 aba
860 603 869 610 β
966 499 1162 580 PAPIAE.

937 690 1209 760 Mecectxxlx.

318 808 376 867 rr.
396 790 432 863 b.
458 788 652 866 Tractatus
676 789 969 885 Represalearum
992 794 1142 869 divinae
1164 796 1280 888 gentis
1307 805 1460 868 strenuo
1486 794 1597 888 equiti
1620 806 1661 869 et
1684 788 1976 872 facundiffimo

215 888 493 985 graviffimoque
521 890 740 982 Philosopho
763 893 814 967 D.
838 893 1024 966 bernardo
1045 892 1250 990 Justiniano
1271 891 1574 970 LeonardiOrat.
1599 893 1666 965 dec.
1695 894 1976 985 compendio-

217 993 308 1077 lum.
335 988 510 1082 Jonuurs
535 1008 706 1080 Jaconus
730 1009 857 1066 carus
890 1005 1020 1085 raroque
1049 998 1120 1065 iare
1141 991 1299 1085 consultas
1329 1011 1375 1062 ex
1408 991 1683 1064 Commentariis
1706 993 1795 1079 iuria
1817 995 1971 1064 intet-

216 1101 362 1179 pretum
386 1087 578 1160 dedicavit.
609 1088 814 1161 Proernlum
840 1089 966 1179 incipit
985 1090 1054 1164 dat.
1089 1088 1182 1165 Haec
1204 1094 1239 1158 ia
1251 1085 1371 1178 fronte.
1422 1088 1463 1161 Ia
1480 1087 1568 1178 fiae:
1599 1088 1758 1180 Explicit
1781 1086 1968 1180 opuscu-

218 1187 296 1258 lum
322 1185 355 1257 d.
380 1185 508 1280 Jacobi
528 1182 635 1259 Canis
656 1191 784 1279 papiae.
810 1181 989 1281 impreffam
1005 1200 1068 1282 par
1091 1184 1296 1280 Fraaasaum
1322 1186 1358 1257 da
1386 1187 1421 1261 S.
1447 1186 1544 1261 Petra
1566 1186 1664 1260 Aarea
1684 1185 1736 1264 D.
1762 1204 1867 1281 1479.
1890 1188 1966 1262 die

223 1299 259 1359 1.
286 1281 467 1356 Februarii.
504 1286 599 1357 Char.
623 1304 704 1356 ram.
726 1305 759 1354 a.
773 1281 861 1376 figet.
889 1281 949 1375 fad

185 1451 190 1459 .
388 1378 477 1466 Giat.
497 1375 624 1440 Sardiai
644 1375 668 1451 1.
689 1398 715 1443 c.
731 1394 767 1462 p.
794 1398 917 1457 103.a·
937 1395 991 1441 ao.

944 1493 1217 1561 MCOCCLXXXI.
1328 1536 1332 1543 ·

322 1605 379 1678 17.
401 1610 431 1665 c.
465 1589 660 1664 Aneonn
684 1609 928 1663 aurunt-mm
959 1588 1003 1661 de
1027 1589 1210 1661 Medicina
1231 1599 1405 1662 tractatus
1427 1586 1541 1676 varii,
1565 1583 1637 1680 scil.
1665 1582 1863 1663 Tractanu
1885 1588 1957 1677 del

218 1687 506 1782 aegritudinibus
532 1691 669 1778 capitis.
701 1684 1032 1761 commentariolus
1063 1687 1108 1759 de
1126 1685 1293 1777 pleuresi.
1332 1688 1392 1759 De
1418 1683 1635 1777 paffionibus
1657 1682 1842 1761 stomachi.
1872 1686 1945 1761 De

183 1772 203 1803 ⁸
222 1784 393 1858 fluxibus.
426 1786 486 1859 De
506 1786 723 1858 matricibus.
756 1786 816 1857 De
835 1786 1012 1859 iuncturis
1039 1784 1116 1857 five
1141 1785 1186 1856 de
1210 1785 1382 1857 arthetica
1409 1800 1446 1856 et
1471 1779 1646 1857 calculosa
1670 1781 1840 1874 paffione.
1867 1784 1944 1857 De

221 1881 322 1976 peste
349 1900 386 1956 et
408 1885 575 1957 venenis.
608 1881 804 1957 Tractatus
823 1882 869 1957 de
892 1883 1064 1956 febribus.
1100 1884 1160 1956 De
1178 1883 1315 1955 balneis
1345 1903 1457 1976 aquae
1479 1882 1648 1955 Civitatis
1680 1880 1945 1974 antiquiffinae
1972 1940 1976 1949 .

219 1979 476 2072 (Monstri-ato)
502 1981 838 2053 Antidotan'unr-
867 1981 962 2072 apud
989 1999 1126 2071 paucos
1151 1981 1356 2055 inventurn.
1409 1979 1449 2051 Ia
1462 1978 1531 2073 fiae
1557 1981 1650 2049 baias
1678 1992 1852 2052 tractans:
1880 1977 1945 2052 Et

223 2078 271 2152 stc
292 2077 344 2150 est
369 2075 450 2151 finis
474 2077 581 2150 buius
608 2078 813 2151 antidotarii
839 2100 902 2170 per
922 2077 1086 2152 famosrll.
1108 2080 1237 2151 artium
1253 2095 1291 2151 et
1309 2075 1735 2153 medicineMonarcham
1754 2078 1831 2151 Ma.
1846 2077 1953 2165 rint:

223 2177 448 2270 guainerium
472 2175 675 2266 Papiensem
692 2180 799 2248 cuius
823 2179 939 2250 anima
957 2175 1157 2268 requiescat
1180 2180 1335 2270 inpare.
1386 2177 1429 2248 In
1444 2170 1515 2268 fiae
1537 2180 1632 2249 torius
1649 2180 1774 2267 aperis:
1799 2177 1841 2249 ln
1858 2176 1934 2248 hoe

224 2277 414 2347 volumine
443 2275 618 2368 aggregati
648 2273 730 2346 sunt
762 2295 889 2348 omnes
919 2290 1095 2348 tractatus
1116 2294 1212 2364 quos
1239 2271 1362 2348 clariss'.
1381 2286 1423 2345 et
1442 2271 1547 2351 varii
1570 2268 1664 2346 med.
1684 2275 1864 2369 interpres¹
1880 2304 1935 2329 ·-

222 2374 268 2446 ad
293 2371 448 2445 diversas
474 2373 639 2462 corporis
660 2374 882 2465 egritudines
913 2372 1025 2446 edidit
1053 2386 1094 2444 et
1121 2370 1378 2467 diligentiffime
1413 2373 1589 2457 emendati
1622 2386 1686 2461 per
1714 2365 1937 2462 prestantib-

223 2492 324 2544 mum
347 2493 394 2543 ar.
415 2491 484 2542 me.
512 2471 571 2541 do.
599 2489 645 2541 m.
669 2469 847 2545 Lazarum
867 2471 1029 2543 datarum
1051 2471 1295 2562 placentinum
1319 2467 1538 2542 Theoricam
1561 2463 1742 2542 medicine
1764 2469 1809 2542 de
1831 2482 1930 2545 mane

81 2642 91 2657 ,
223 2571 403 2662 legentem
422 2570 462 2642 in
493 2566 589 2639 felici
616 2565 735 2640 studio
761 2567 934 2660 papiensis
971 2582 1000 2640 et
1024 2569 1162 2640 Araunia·
1180 2572 1222 2642 >de
1249 2574 1394 2643 Cartana
1414 2581 1512 2664 opera
1530 2572 1629 2662 papie
1650 2570 1756 2662 impre
1781 2590 1802 2641 a
1823 2589 1874 2642 aa
1888 2585 1926 2641 a.

206 2682 295 2745 nai.
319 2669 367 2741 da.
396 2662 679 2750 t.4.LXXX.I.
706 2664 845 2759 Registr.
877 2670 976 2741 Char.
1000 2670 1082 2758 gaab.
1095 2663 1170 2756 fail.
1194 2683 1278 2762 352.
1304 2662 1370 2756 fol.

391 2760 482 2823 Giee.
500 2759 629 2822 Sardiai
647 2760 672 2824 l.
692 2780 722 2824 a.
743 2763 781 2823 P.
804 2763 866 2826 111.
879 2779 916 2847 p.
938 2779 1008 2840 105.
1031 2781 1061 2824 n.
1082 2779 1136 2842 45.

941 2878 1227 2942 MCCCCLXXXII.

304 3046 306 3051 .
323 2991 379 3068 19.
395 2972 432 3045 b.
459 2971 706 3067 Sepenurnero
729 2996 752 3047 a
774 2976 936 3067 pluribus
952 2976 1178 3051 auditoribus
1197 2976 1284 3048 iuris
1305 2975 1446 3048 celaree
1464 2984 1692 3065 provocatus
1711 2989 1783 3064 ego
1800 2971 1930 3049 rens·
1970 3056 1976 3069 ‚

230 3088 359 3143 cestus
384 3091 436 3143 un
464 3091 596 3145 curru
634 3072 799 3167 Papieasts
826 3076 899 3148 hoc
934 3097 1031 3149 anno
1057 3077 1196 3149 lecture
1218 3074 1401 3145 ordinarie
1423 3074 1571 3164 publice
1597 3070 1641 3142 de
1663 3090 1768 3143 mane
1795 3074 1834 3146 in
1855 3073 1927 3169 jure
1964 3076 1976 3137 “;

227 3168 327 3259 civili
350 3189 395 3241 ex
431 3171 624 3263 inopinato
651 3170 849 3262 delignatus
872 3177 967 3247 inter
992 3176 1109 3267 legum
1131 3174 1304 3246 doctores
1322 3172 1493 3245 minimus
1521 3185 1711 3261 postquam
1735 3167 1814 3243 fere
1841 3188 1924 3245 anno
1968 3172 1974 3185 ‘

224 3262 292 3334 isto
318 3264 507 3357 expless‘em
534 3288 665 3340 munus
690 3270 831 3360 legendi
860 3269 975 3363 scripsi
997 3272 1091 3345 hanc
1120 3270 1295 3344 lecturam
1311 3266 1423 3371 super
1446 3268 1488 3342 L.
1509 3267 1728 3338 admonendi
1751 3263 1790 3337 ff.
1815 3267 1861 3341 de
1879 3273 1926 3342 iu·

225 3364 423 3439 sein-raudo
447 3363 513 3440 sub
532 3386 634 3440 anno
661 3374 767 3451 ¹482.
817 3368 964 3463 Ire-fiae:
997 3369 1072 3442 Hac
1101 3384 1184 3463 opus,
1200 3362 1380 3463 impreffara
1404 3363 1475 3457 fail
1504 3364 1626 3458 Papiae
1645 3379 1705 3457 per
1733 3363 1924 3463 franciscam

222 3463 263 3532 da
289 3463 497 3557 Girardeagis
516 3462 616 3536 Anao
640 3461 774 3537 Domini
800 3479 905 3551 1482.
932 3469 980 3542 die
1003 3487 1062 3560 29.
1085 3488 1187 3538 meas.
1213 3467 1357 3537 Octobris
1378 3470 1509 3537 *moenie
1529 3456 1681 3562 Jabaaae
1709 3461 1838 3538 Galeaa
1863 3467 1924 3538 Me.

174 3584 177 3591 ·
221 3562 279 3634 ria
308 3560 383 3634 Vite
404 3567 527 3634 canae
550 3560 644 3632 Duce
667 3563 834 3634 mediolani
848 3565 947 3656 sexto.
982 3569 1077 3638 Cbar.
1100 3567 1182 3656 gotia
1202 3584 1279 3634 aum
1296 3560 1381 3655 figat.
1408 3559 1470 3652 fai.

345 3754 348 3759 θ
391 3655 484 3719 Giat.
507 3652 629 3718 Sardiai
649 3653 672 3717 l.
693 3675 720 3721 c.
742 3658 781 3723 P.
803 3660 863 3725 lu.
882 3680 918 3745 p.
944 3680 1013 3741 104.
1037 3679 1067 3724 a.
1093 3673 1142 3737 33.

937 3791 1236 3854 mccccuxxxlu.

324 3905 386 3964 21.
406 3909 436 3961 c.
465 3888 679 3967 Sraenaut
706 3912 730 3973 a
759 3913 886 3967 cosan
915 3892 1065 3965 Dictaeis
1090 3889 1254 3987 Papieafit
1275 3889 1530 3980 Repetitiones
1552 3892 1675 3964 variae
1700 3892 1736 3965 in
1763 3887 1925 3965 Extram*

224 3999 324 4082 gant.
376 3984 520 4079 Iafiae:
555 3984 701 4084 Impreffe
728 3991 850 4085 Papiae
867 4007 926 4086 per
951 3990 1144 4083 Magistrum
1167 3992 1347 4062 Antonium
1368 3989 1405 4058 de
1429 3992 1590 4062 Carthaea
1614 4012 1643 4062 a.
1677 3999 1783 4080 1483.
1808 3991 1857 4063 die
1878 4001 1924 4059 22·

237 4086 390 4157 Octobris.
417 4086 565 4179 Sequitur
584 4085 766 4161 *Gabrieiis
791 4089 983 4181 Magnam,
1009 4089 1152 4181 Legum·
1171 4086 1331 4160 doctoris
1350 4105 1394 4157 ac
1419 4076 1591 4177 presentis
1618 4089 1739 4179 operis
1751 4096 1925 4162 correcto·

226 4187 280 4257 ris
306 4181 460 4257 Carmen
490 4184 534 4256 ad
555 4180 603 4256 D.
629 4182 805 4260 Francisc.
831 4188 876 4258 de
894 4185 1092 4260 Eustachiis
1119 4186 1439 4260 Prothonotariurn
1462 4182 1735 4275 Apostolicum:

537 4279 653 4356 -Costa
675 4286 790 4358 decus
815 4285 908 4358 Latii
930 4285 1136 4379 Stephanus
1162 4285 1261 4377 quod
1282 4284 1412 4360 struxit
1435 4281 1571 4356 habeto

608 4383 728 4476 Digne
752 4383 857 4458 Pater
882 4384 1029 4479 dignum
1051 4383 1211 4479 postulat
1232 4387 1330 4462 istud
1350 4401 1446 4479 opus
1466 4381 1538 4457 dac.

233 4476 327 4548 Cbar.
343 4475 431 4568 gaab.
454 4498 528 4547 'tum
545 4473 631 4568 figet.
662 4479 747 4572 fai„
1469 4532 1473 4541 .

400 4570 486 4640 Giat.
508 4573 638 4640 Sardiai
658 4576 681 4644 l.
704 4598 731 4646 c.
753 4577 789 4642 P.
811 4578 870 4647 ill.
878 4628 881 4637 .
884 4594 921 4666 p.
944 4596 1015 4662 103.
1035 4600 1069 4649 ae.
1088 4597 1139 4662 ap.

1632 4678 1926 4759 mcccclxxxlv·
