4416 5722
868 508 879 570 a
930 387 1184 522 nocuum.
1390 406 1393 411 ’
1491 510 1495 521 ,
1840 459 1910 541 507

302 662 359 737 14
380 645 417 721 b.
442 644 527 721 Hoc
545 645 583 720 in
605 642 699 719 libro
722 640 903 718 habentur
922 663 1033 740 opera
1055 637 1249 735 sequentia.
1276 637 1381 735 Opus
1404 634 1672 733 preditillimum
1696 636 1909 734 Manipulus

200 767 409 837 curatorum
431 746 652 820 intitulatum
672 744 840 817 Unaeum
871 741 1017 836 speculo
1046 741 1270 816 sacerdotum
1295 756 1333 815 et
1356 739 1524 816 ecclelret
1551 736 1649 815 'cum
1678 741 1909 825 distinctione

200 862 241 925 et
262 848 454 924 sinuatione
476 841 594 917 mille:
620 842 789 917 omnibus
811 841 1032 935 presbyteris
1056 843 1214 935 apprime
1240 836 1445 914 necell'aria.
1494 839 1536 912 ln
1550 835 1623 931 fine
1647 838 1833 936 Manipali:
1859 844 1912 913 lna

196 947 328 1046 insuper
356 956 489 1016 marato
503 942 586 1038 sunt
606 944 642 1014 in
655 937 784 1038 faanofta
805 945 934 1014 ciuitate
954 938 1110 1033 Lugdun.
1134 951 1204 1012 orte
1223 932 1386 1034 Jobannis
1404 938 1440 1009 de
1454 939 1565 1031 platea
1583 932 1781 1036 impressoria.
1808 935 1909 1013 Anno

196 1049 256 1123 dni
279 1037 650 1217 McfficciLfflL
674 1039 724 1114 die
743 1042 871 1115 Martii
896 1040 1046 1136 Sequitur
1068 1031 1455 1134 Spendunisaoardotun
1474 1047 1504 1109 et
1524 1034 1651 1128 ecaksst.
1703 1041 1738 1119 8.
1989 1057 1992 1065 ·

396 1142 406 1200 i
439 1139 512 1201 iot.
555 1154 631 1205 ot.

486 1242 509 1285 ‘⁷'
1003 1251 1105 1319 MDIl.
1278 1302 1281 1308 .

292 1349 361 1433 nd*
374 1349 408 1423 b.
434 1349 595 1422 Banous
623 1343 726 1440 super
746 1324 764 1421 Ῐ
783 1383 834 1405 -
848 1343 912 1420 lX.
936 1343 1094 1421 Codicis.
1132 1344 1289 1440 Lugduni
1310 1358 1372 1440 per
1394 1339 1452 1417 Μ.
1477 1342 1653 1420 Nicolaum
1673 1349 1709 1420 de
1733 1347 1909 1422 Benedictis

197 1442 334 1524 MDll.
376 1445 436 1539 fol.
643 1501 648 1511 .

365 1539 511 1606 Bibliotb.
535 1533 712 1622 Noetdling.
993 1587 999 1595 .

456 1638 459 1651 '
716 1674 730 1699 a
987 1635 1110 1702 MDlIl·

292 1750 352 1822 27.
369 1731 404 1806 b.
451 1728 736 1828 (Garunnam)
760 1727 905 1805 Postilla
927 1733 1198 1825 evangeliorum
1221 1741 1260 1803 et
1284 1725 1513 1822 epistolarum
1541 1731 1809 1811 dominicalium
1836 1758 1908 1821 nec

193 1857 273 1912 non
300 1833 345 1904 de
366 1826 494 1902 sanctis
516 1848 580 1921 per
606 1830 784 1902 circulum·
808 1832 921 1902 totius
947 1831 1030 1904 anni
1052 1849 1135 1902 curn
1157 1824 1313 1921 paffione
1340 1827 1459 1902 christi
1483 1845 1520 1905 et
1539 1823 1645 1906 etiam
1665 1854 1749 1908 cum
1774 1837 1907 1913 tabula.

196 1935 240 2010 ln
257 1929 345 2026 fine:
385 1927 528 2001 Postilla
545 1964 598 1982 -
620 1947 703 2000 cum
722 1922 880 2020 pullione
900 1927 1037 2001 domini
1060 1929 1207 2018 explicit
1234 1925 1387 2000 feciliter
1413 1928 1500 2024 (su)
1526 1927 1678 2028 Impreffa
1712 1931 1821 2030 Lugd.
1843 1952 1907 2030 pro
2052 2021 2055 2024 Δ
2173 1919 2180 1927 ’

197 2035 319 2126 egregio
346 2032 418 2136 uiro
440 2022 590 2122 Johanne
615 2028 785 2136 langueton.
811 2024 910 2098 Anno
932 2027 988 2099 dni
1008 2023 1199 2103 iabin.
1225 2022 1290 2097 IV.
1314 2024 1386 2099 idus
1410 2025 1509 2121 May.
1557 2048 1594 2116 4.

365 2121 450 2189 Ball.
472 2124 543 2201 tog.
567 2121 632 2183 Soc.
653 2121 783 2183 lendan·

231 2262 237 2308 .·
293 2249 353 2322 28.
393 2241 808 2318 P.Ou1nrrraasou1s
840 2238 1043 2313 Heroidunr
1067 2237 1229 2335 Epistole
1249 2238 1429 2332 sapphus:
1462 2253 1572 2333 atque
1602 2244 1640 2317 in
1661 2243 1740 2320 Ibin
1766 2249 1905 2340 argutie

194 2342 291 2420 Cum
311 2340 441 2432 triplici
464 2341 716 2430 explanatione
735 2338 845 2413 altera
868 2338 1049 2412 familiari:
1075 2359 1218 2413 etcum
1242 2342 1355 2413 totius
1381 2344 1501 2432 operis
1527 2338 1739 2418 exactifflma
1763 2345 1905 2439 castiga·

196 2446 309 2518 tione.
344 2438 436 2512 Haec
463 2443 498 2510 in
519 2433 630 2528 fronte
661 2458 733 2509 tum
755 2436 902 2525 lontibus
920 2441 1021 2510 trium
1046 2435 1224 2510 Doctorum
1245 2460 1322 2535 cnm
1344 2443 1540 2515 nominibus:
1574 2436 1740 2513 Ananim
1767 2443 1904 2516 Ouidius

206 2541 393 2613 Ubertinus.
444 2536 484 2607 ln
498 2532 568 2627 fine
594 2531 773 2614 Heraidum
792 2529 1010 2626 fol.159.i.
1042 2533 1141 2610 Finis
1170 2532 1333 2626 Sapphus
1353 2535 1499 2609 Ovidii:
1536 2551 1810 2632 ceterarumque
1832 2543 1906 2634 epi·

197 2638 368 2712 stolarum
392 2652 475 2706 cum
497 2633 629 2725 triplici
653 2632 932 2708 commentario:
972 2643 1079 2727 atque
1101 2632 1299 2706 eorundem
1322 2637 1619 2709 annotationibus
1646 2651 1684 2710 et
1707 2638 1905 2716 indicibus:

186 2735 329 2830 fideliter
351 2726 565 2828 impreffiatum
590 2728 745 2825 Lugduni
767 2729 866 2804 Anno
887 2728 1089 2827 yonam.
1101 2733 1255 2807 CCCCC.
1269 2730 1349 2808 VII.
1381 2732 1457 2808 Kal.
1485 2730 1615 2808 Martii.
1643 2733 1794 2830 Impenfis
1813 2740 1906 2834 proli
2015 2738 2018 2745 '

192 2834 353 2925 bibliopola
380 2831 529 2923 Stephani
557 2828 757 2922 Guaynardi.
792 2830 900 2922 Opera
923 2816 1048 2901 oero⁵tt
1068 2827 1202 2924 artificio
1226 2826 1349 2922 discreti
1368 2834 1436 2902 oiri
1457 2827 1620 2925 Juliannis
1639 2832 1675 2903 da
1704 2834 1816 2927 Vingla
1839 2839 1904 2925 lm·
1941 2901 1944 2906 .

190 2925 643 3120 illisitliuiit
661 2923 1905 3121 “inittlldtlllt“liliisiinititl‘tliii¹0¹2
1950 3046 1967 3066 --

303 3080 306 3086 ¹
496 3077 504 3095 ·
650 3074 664 3110 a

196 3127 299 3203 Badii
322 3122 480 3205 Alcenlii
508 3121 796 3196 Commentariis.
836 3119 877 3194 ln
898 3124 1008 3193 iorum
1020 3120 1092 3214 fine
1106 3119 1167 3213 fol.
1199 3136 1279 3210 194.
1307 3073 1351 3195 o’:
1382 3121 1412 3195 F
1415 3125 1482 3195 inis
1507 3124 1707 3217 argutiffimi
1739 3129 1904 3223 opusculi

196 3225 324 3307 Ovidii
345 3223 387 3294 In
409 3220 489 3296 Ibin
513 3221 646 3312 duplici
669 3222 929 3293 commentario
952 3219 1139 3312 diligenter
1162 3219 1511 3316 explanatiinpenfis
1532 3223 1681 3318 Stephani
1701 3225 1903 3322 &conardi

204 3327 311 3420 Opera
334 3343 409 3394 uero
430 3335 459 3393 et
480 3317 614 3407 artificio
642 3314 805 3415 Jobannis
829 3318 866 3389 dr
897 3317 1020 3411 Vingle.
1051 3316 1151 3392 Anno
1170 3321 1273 3410 gratie
1288 3306 1355 3392 Μ.
1366 3317 1597 3429 00000111.
1623 3323 1741 3397 Nonas
1763 3323 1903 3421 Aprgg·
1989 3335 1991 3339 a

197 3425 332 3499 Scotum
357 3416 469 3516 Jelan
496 3419 531 3490 de
558 3417 682 3510 Vingle.
732 3436 768 3505 4
788 3419 866 3491 mai.
1975 3498 1986 3513 g

364 3511 506 3579 Bibliotb·
530 3507 726 3578 morienimi.
770 3511 821 3575 Aa
845 3531 954 3576 aunan
985 3527 1078 3590 1500·
1099 3505 1284 3588 referendam
1305 3505 1456 3592 elfelm
1476 3506 1655 3590 editione»,
1686 3522 1766 3588 recle
1785 3515 1901 3602 quiden

441 3601 567 3681 potator
595 3590 644 3673 cf.
667 3589 785 3661 ΑΜ.
806 3601 867 3678 τῃ.
892 3590 963 3658 Vol.
984 3592 1010 3655 l.
1028 3607 1063 3675 p.
1086 3604 1156 3670 558·
1178 3608 1209 3652 a.
1229 3605 1298 3668 2⁵4·

538 3721 541 3727 ’
1000 3723 1120 3789 MDlV.
1194 3736 1196 3740 “

292 3838 351 3912 44
379 3809 480 3895 Haec
499 3816 582 3893 sunt
607 3802 719 3914 opera
738 3819 940 3896 nannum
966 3842 1019 3894 nn
1046 3838 1173 3893 vrntn
1203 3839 1315 3892 nova
1340 3837 1411 3913 que
1436 3818 1473 3892 in
1500 3817 1574 3892 hoc
1595 3820 1786 3895 volumine
1812 3845 1901 3901 con.

197 3926 371 4003 timentur.
399 3921 421 4012 (
425 3921 573 4014 Sequitur
596 3916 789 3992 enumeratio
813 3921 990 4016 innunt)
1041 3920 1081 3992 ln
1095 3915 1184 4010 fine:
1219 3919 1323 4008 Opus
1344 3919 1544 4011 preclarum
1568 3918 1726 4012 Magistri
1751 3923 1902 4000 Arnaldl

199 4018 244 4099 d'e
267 4022 365 4096 Villa
384 4017 516 4105 Nova,
542 4019 697 4113 inpendio
717 4021 828 4091 nolitis
852 4024 919 4093 uiri
940 4013 1139 4111 Baltlrastaris
1154 4016 1192 4088 de
1219 4016 1476 4091 Galiamciou
1494 4015 1656 4109 Astensts,
1671 4017 1804 4113 flamna
1827 4046 1900 4097 cum
2006 4070 2012 4083 ·

198 4125 360 4216 diligentia
376 4116 532 4209 Lugduni
553 4111 743 4212 inpreffiam.
770 4114 870 4192 Anno
880 4116 999 4212 solutis
1015 4115 1165 4187 dnnieaice
1175 4127 1296 4282 Ξααηο
1304 4111 1408 4210 supra
1430 4118 1694 4190 millenariorum
1711 4123 1902 4218 quinquage-

196 4227 328 4296 narium
350 4214 843 4392 dictaeosszngnfflnfflbm
859 4229 920 4308 per
946 4209 1152 4337 franciscum
1205 4212 1311 4286 radin.
1360 4238 1396 4307 4.

298 4441 357 4521 so.
389 4430 485 4517 loon,
511 4432 691 4504 Cirnmnn
717 4448 792 4500 cuna
809 4426 1103 4501 calummiatoribus
1111 4421 1197 4520 suis,
1218 4423 1315 4498 Petro
1339 4421 1454 4519 Marso
1476 4440 1506 4496 at
1524 4425 1626 4498 Badio
1652 4424 1794 4524 Ascenfio
1817 4437 1902 4524 ligno
2020 4414 2029 4431 ²

196 4529 288 4628 inan?
302 4528 426 4626 fistens.
473 4524 585 4638 Infra:
613 4525 767 4602 Gemina
783 4526 988 4622 explanatio
1009 4518 1223 4633 officiorum·
1236 4521 1465 4599 Crcnnonrs
1489 4522 1586 4600 Petri
1605 4527 1776 4604 videlicet
1792 4530 1900 4604 Marsa

1036 4617 1165 4699 Sssz
1423 4673 1426 4679 ·
1865 4646 1903 4704 et
2004 4671 2010 4675 -
