4416 5722
253 569 322 649 128
753 599 755 604 ’
1016 562 1193 643 MDXXI.
1223 645 1228 657 ,

352 775 432 853 ¹⁹7·
459 755 760 845 Aaouu'tnrun
786 777 963 832 truatur.
988 778 1118 835 sinon
1144 779 1280 834 nessus
1308 756 1473 834 Lutbero
1487 755 1659 834 Ostendit
1682 754 1838 847 caussas,
1856 756 1956 860 Qut·

251 878 293 932 re
317 856 500 932 Luterana
529 858 711 951 Opofcula
748 861 834 955 (su)
869 863 903 933 Α
935 857 1211 973 Colonieofibus
1241 858 1290 931 Et
1311 858 1612 933 Lovaoienensrb.
1651 861 1730 943 Sint
1755 859 1956 933 Combusta.

251 955 294 1028 ld
316 954 433 1050 ipsum
461 955 566 1031 Enim
585 958 679 1031 Petit
707 959 886 1032 Martinus
911 958 953 1033 ln
977 960 1119 1031 Libello
1141 958 1333 1056 Quodam,
1358 957 1430 1030 Ubi
1455 959 1648 1031 Rationem
1673 959 1805 1034 Reddit
1824 957 1956 1030 Facrr

253 1050 329 1127 Sui.
358 1054 550 1134 Nam'Ob.
575 1056 685 1130 XXX.
722 1059 909 1131 Articulos
932 1055 1119 1131 Erroneos
1144 1056 1185 1129 ln
1207 1055 1392 1146 Papalibus
1416 1056 1530 1128 Libris
1555 1055 1730 1129 lnventos
1753 1057 1817 1149 jus
1841 1053 1956 1127 Cano

251 1155 376 1225 oicum
407 1154 453 1229 Se
482 1152 523 1226 ln
546 1152 748 1229 Flammuns
773 1153 859 1250 (fic)
887 1153 1086 1229 Coniecisse
1115 1152 1268 1247 Scripsit
1295 1153 1455 1245 Lector,
1497 1174 1575 1227 non
1607 1158 1724 1246 pigeat
1755 1169 1790 1226 te
1823 1152 1956 1225 lroniat

253 1247 350 1323 Helii
371 1253 569 1345 pellegere‚
594 1255 702 1325 babes
724 1256 819 1327 enim
843 1274 918 1346 quo
941 1257 1151 1346 pulmonem
1175 1271 1363 1336 exerceas,
1385 1249 1554 1327 ·lic·enim
1576 1249 1705 1324 Helius
1726 1250 1877 1325 Curiam
1901 1251 1956 1322 de=

254 1346 391 1436 feodit,
417 1368 459 1424 ut
479 1351 501 1423 si
523 1351 648 1424 decem
671 1350 852 1425 sint-Helii
876 1352 1014 1426 Romae
1039 1365 1347 1444 propugnatores,
1375 1351 1477 1421 brevi
1501 1351 1617 1442 perire
1642 1348 1735 1421 fame
1757 1346 1956 1421 universam

256 1445 402 1521 Curiam
422 1447 603 1522 oeeellum
624 1453 675 1525 sit.
712 1447 805 1522 Haec
821 1456 856 1520 in
871 1448 978 1538 pionte
991 1447 1053 1548 fol.
1078 1470 1109 1523 r.
1130 1472 1160 1520 a.
1186 1447 1254 1519 Fal.
1272 1464 1306 1522 2.
1328 1470 1361 1519 a.
1386 1446 1530 1520 Sinon
1560 1468 1697 1521 nessus
1723 1447 1832 1520 Sacro
1853 1444 1956 1518 Sanc·

254 1558 313 1618 tae
351 1543 439 1619 sedis
478 1546 711 1639 Apostolicae
747 1547 1047 1622 Protbonotarius
1079 1546 1113 1619 S.
1144 1543 1330 1623 Pontificis
1358 1543 1387 1622 F
1390 1547 1566 1622 amiliaris.
1613 1546 1775 1618 Domino
1798 1543 1956 1616 Martioo

254 1642 417 1734 Lutber,
452 1645 609 1721 Doctori
638 1645 844 1737 Theologo.
871 1645 905 1720 S.
933 1648 980 1723 D.
1031 1645 1072 1718 In
1086 1641 1176 1738 fine:
1215 1643 1302 1718 Vale.
1334 1642 1390 1717 lit
1409 1641 1565 1737 Zenrtgnt
1594 1643 1684 1738 Pago
1706 1642 1894 1741 Rrgl'gaudle
1924 1646 1956 1717 6.

240 1796 248 1814 .
258 1738 431 1840 Junuarit'.
456 1744 524 1815 An.
547 1745 602 1821 M.
612 1742 661 1818 D.
671 1744 770 1819 XXI.
800 1747 984 1843 Sequuntur
1007 1757 1126 1814 errata.
1175 1755 1213 1831 4.
1597 1780 1599 1785 ⁷

423 1853 561 1919 collectio
581 1857 689 1938 nojlre.
735 1857 814 1922 But
837 1856 969 1921 Scbadel.
996 1856 1020 1918 l·
1039 1874 1071 1942 p.
1095 1862 1163 1936 38r.

224 2067 227 2073 ¹
358 1991 437 2074 198.
463 1981 765 2057 Aaounanrun
794 2003 970 2057 urantur.
998 2005 1126 2058 sinon
1153 2004 1290 2057 nessus
1316 1981 1480 2059 Lutlrero
1501 1981 1658 2061 ostendit
1675 1983 1828 2076 caussas,
1853 2000 1956 2074 quart

256 2079 465 2156 Lutherana
493 2081 665 2173 opuscula
691 2081 1011 2155 aColonlenfibus
1041 2105 1078 2156 et
1106 2083 1389 2157 lovaniensibus
1419 2085 1484 2157 sint
1506 2083 1692 2162 combusta
1714 2089 1779 2160 uc.
1808 2084 1906 2180 Lege
1929 2096 1956 2154 el

257 2181 400 2255 ridebis.
439 2177 529 2251 Haec
551 2185 586 2254 in
597 2177 707 2270 fronte
719 2175 780 2270 fol.
808 2198 834 2250 l.
860 2204 890 2251 a
914 2179 980 2252 Fol.
1008 2183 1069 2253 eod.
1090 2187 1119 2254 b.
1147 2181 1280 2253 Lector
1301 2203 1377 2256 non
1400 2186 1517 2276 pigeat
1546 2203 1582 2258 te
1598 2185 1665 2259 ἀς.
1715 2185 1757 2257 ln
1768 2178 1860 2276 fiete:
1899 2176 1956 2256 Vs

259 2279 299 2366 le.
327 2275 386 2351 Et
413 2274 568 2369 Zeringen
598 2276 687 2369 Pago
706 2275 914 2372 angaudioe
940 2278 998 2351 VI.
1023 2278 1196 2378 Junuurii.
1215 2278 1325 2355 Anno.
1354 2281 1464 2355 Mu.
1475 2281 1577 2357 XXI.
1626 2301 1662 2370 4.

427 2386 533 2451 Editio
552 2394 687 2474 repetita.
734 2392 870 2455 (blaceio
894 2390 1001 2475 nestra.

359 2524 438 2600 199.
476 2511 653 2603 Dialogus
675 2509 848 2585 Sinonis
876 2530 985 2584 nnssr
1013 2512 1266 2588 &Minatur
1296 2534 1480 2591 aurnuns
1506 2511 1735 2591 wormaciae
1762 2526 1883 2610 nuper
1906 2514 1956 2592 ln·

237 2604 377 2695 bitus,
402 2610 500 2681 lectu
524 2630 600 2683 non
623 2611 853 2686 iniucundus.
880 2609 1071 2689 MDXXI.
1123 2630 1158 2700 4.

428 2702 507 2767 Bibl.
532 2700 624 2770 scin.
647 2713 707 2771 iun.

297 2834 301 2842 '
358 2840 443 2897 200.
470 2823 566 2898 Tres
588 2825 758 2902 Eruditae
783 2827 997 2904 Uolturci
1024 2850 1235 2903 nubuntur
1262 2826 1465 2923 Epistolae,
1489 2842 1642 2919 quarum
1663 2824 1821 2899 ultimam
1845 2826 1956 2920 legam

262 2920 324 3011 qui
346 2919 455 2994 hodie
474 2922 717 3018 Evangelistas
738 2926 1021 3020 persequuntur,
1049 2946 1087 3002 et
1108 2945 1263 3003 caveant
1284 2949 1331 3001 ne
1358 2925 1529 3002 laceffitus
1553 2928 1596 2998 ad
1618 2942 1711 2994 arma
1735 2924 1894 3014 deposita
1914 2947 1955 2998 re

260 3016 352 3091 deut
379 3018 450 3094 Pax
473 3021 652 3095 Eccleliae
677 3023 828 3113 Christi,
856 3027 916 3103 led
942 3048 1019 3102 noo
1040 3031 1181 3121 iniqua,
1208 3028 1472 3120 triumphante,
1497 3023 1650 3113 scilicet,
1676 3041 1804 3096 contra
1823 3025 1956 3101 menda

259 3120 337 3206 cia5
360 3115 561 3214 Evangelio
590 3120 775 3196 MDXXI.
826 3145 861 3210 4.
1574 3175 1577 3179 «

427 3228 545 3314 Ht'rth.
568 3232 648 3294 Mill.
677 3238 688 3292 l
695 3232 736 3294 V.
754 3250 785 3317 p.
809 3253 858 3299 so.
902 3228 972 3296 Ball
1004 3229 1134 3304 Sebeurl.

356 3361 439 3424 201.
475 3351 688 3426 Uuatnrcr
708 3373 924 3437 ¹sruountor
960 3352 1004 3425 ad
1037 3353 1190 3430 sanctam
1213 3353 1425 3449 Tigurinum
1446 3348 1629 3426 ecclesiam
1645 3347 1816 3444 Epistola.
1867 3350 1912 3426 In
1924 3348 1956 3448 fi

260 3471 318 3530 nel
345 3451 400 3523 Et
423 3452 658 3543 Scl‘onmlerga
680 3450 779 3524 Anno
810 3447 991 3523 MDXXI.
1042 3471 1075 3535 4.

434 3543 510 3611 sill.
533 3545 625 3610 &lna
652 3552 714 3609 iun.
757 3568 816 3612 uon
839 3548 892 3611 det
913 3545 1014 3635 liardl
1036 3548 1093 3608 lll.
1114 3564 1146 3631 p.
1169 3549 1221 3627 64.

359 3683 444 3743 202.
472 3665 720 3741 Consanus.
751 3668 935 3741 Utnrcrar
965 3688 1015 3739 aa
1044 3686 1243 3756 notatu,
1272 3663 1413 3757 Equitis
1435 3662 1557 3737 Germ.
1582 3660 1832 3749 Exclamatn,
1857 3662 1896 3738 io
1918 3664 1956 3740 io

137 3812 142 3835 .
259 3764 429 3838 'cendium
447 3764 707 3840 Lutberanum.
741 3764 963 3838 Cnunnnot
992 3783 1217 3836 sancronrs
1241 3760 1455 3852 saxofranci‚
1475 3763 1520 3833 de
1545 3763 1669 3834 eadem
1694 3781 1733 3832 re
1755 3761 1798 3831 ad
1821 3758 1956 3837 Germa

261 3880 331 3936 nos
352 3864 480 3936 oratio.
506 3861 659 3959 Carmen
683 3865 825 3954 elegatis
848 3881 885 3936 et
911 3863 1082 3949 doctum,
1106 3864 1143 3934 in
1174 3861 1440 3954 Hieronymum
1461 3860 1695 3943 Aleandrum,
1718 3855 1858 3931 bostem
1878 3858 1956 3933 Ger

261 3965 398 4034 maniae
419 3960 601 4034 libertatis.
635 3959 896 4034 Conclusrones
916 3961 1040 4032 decem
1069 3956 1364 4033 christianissimae
1386 3980 1451 4052 per
1468 3959 1681 4033 Anoatnn
1703 3975 1956 4032 uoouususra

260 4077 315 4131 os
345 4078 599 4133 cantosrsu.
624 4059 875 4152 Wittenberge
902 4056 1047 4154 (1520.)
1071 4059 1269 4150 disputatae
1293 4061 1430 4154 (isar.)
1479 4075 1515 4142 4.

399 4249 403 4255 ⁴
432 4175 569 4239 collectio
588 4172 698 4254 nostra.
741 4174 855 4236 Hutten
876 4178 907 4233 in
927 4166 1059 4239 litterar.
1082 4170 1216 4256 Hinficbl
1236 4189 1270 4258 p.
1297 4189 1364 4250 141.

357 4311 444 4387 203.
481 4280 634 4368 Leonas
659 4292 705 4366 X.
735 4293 831 4391 Pons.
856 4290 953 4364 Max.
992 4290 1238 4364 Monitorium
1271 4290 1399 4383 penale
1432 4300 1560 4362 contra
1587 4285 1769 4362 'rhomam
1793 4285 1840 4362 de
1861 4285 1956 4395 Foyr

204 4442 208 4451 ·
261 4394 409 4472 Gallum
433 4394 620 4466 dominum
646 4391 692 4464 de
725 4392 765 4465 lo
795 4388 929 4479 Scuin
947 4387 1097 4466 Ducatu
1122 4389 1337 4465 Mediolano
1365 4386 1615 4482 gubernatoris
1636 4389 1760 4464 locum
1781 4401 1956 4464 tenentes

265 4509 369 4586 ιω.
420 4512 455 4577 4.

428 4601 507 4677 utet
528 4598 626 4668 Sele.
648 4603 710 4668 iun.
