4416 5722
231 527 305 613 318
605 544 614 563 ·
772 509 881 600 Bo„
1043 512 1122 594 BR.
1316 442 1414 626 ΒΗ.

234 715 273 787 in
300 710 448 787 taberna
479 707 576 784 fimie
606 676 673 803 per
697 728 756 784 me
784 684 985 806 magistrum
1011 708 1266 784 Guallarotum
1291 710 1479 803 lupatium.
1521 712 1615 785 clar.
1646 730 1726 783 rom.
1762 731 1832 784 nera
1848 706 1909 806 ign
1931 762 1949 793 ,.

226 808 298 902 sou·
327 828 483 985 1208201.
509 916 647 984 Scituri·
686 915 860 1004 Opsscaisrr
872 916 945 1005 stilo
966 921 1149 985 macaronico
1162 918 1322 1002 scripturn.

334 1044 415 1132 198.
440 1038 664 1115 Incomincia
693 1042 720 1116 il
748 1041 840 1114 libro
866 1039 902 1112 di
920 1037 1108 1113 Madonna
1130 1037 1306 1111 Fiametta
1332 1036 1382 1124 (di
1409 1038 1544 1114 Messer
1565 1037 1688 1114 Gror.
1717 980 1938 1139 ιιοοσιειο)ΙΙΙ

236 1137 281 1212 da
309 1140 358 1212 lei
380 1141 448 1212 alle
474 1141 672 1214 inamorate
694 1138 876 1216 mandato.
927 1137 969 1211 ln
984 1135 1073 1232 fiae:
1104 1136 1203 1212 Finis
1228 1138 1314 1212 Deo
1339 1142 1472 1232 gracias
1495 1159 1618 1235 amen..
1646 1142 1743 1216 clar,
1769 1161 1847 1215 rom,
1867 1163 1918 1213 m

226 1237 313 1332 figas.
340 1234 401 1329 fol.
426 1242 509 1318 utin.

406 1350 504 1414 Calai·
528 1349 633 1416 Pinell.
657 1349 693 1417 P.
722 1346 758 1412 V.
774 1363 809 1432 p.
832 1368 863 1412 a·

334 1503 419 1566 201·
445 1508 477 1563 c.
513 1482 708 1577 Nimplrale
738 1483 772 1556 di
811 1480 941 1556 fiesole
973 1493 1085 1556 tracta
1109 1479 1266 1555 damore.
1305 1481 1398 1556 Haec
1423 1483 1583 1577 bifronte
1600 1484 1662 1577 fal.
1691 1502 1721 1556 t.
1753 1509 1785 1558 a.
1820 1480 1879 1559 ut
1896 1500 1919 1558 2.

236 1580 423 1658 Comincia
447 1584 697 1685 equimphale
721 1581 916 1655 Fiesolano
942 1578 1089 1654 damore
1110 1598 1304 1673 composto
1330 1584 1435 1674 perio
1466 1586 1668 1658 excellente
1690 1585 1831 1657 huomo
1851 1578 1945 1657 Mei·-

238 1681 295 1755 ser
316 1680 536 1756 Grovanur
564 1700 762 1755 noccaccr
797 1691 908 1772 poeta
940 1673 1141 1752 florentino
1172 1683 1327 1771 nequale
1352 1684 1381 1753 si
1407 1686 1579 1757 contione
1606 1684 1644 1758 lo
1660 1680 1922 1757 innamorameu·

236 1795 276 1855 to
299 1781 451 1855 Dalrico
476 1798 514 1855 et
536 1781 570 1853 di
601 1781 771 1853 Mensola
789 1794 827 1852 et
857 1780 949 1850 ilbro
973 1777 1149 1850 accidenti
1173 1790 1210 1849 et
1232 1794 1361 1853 morte.
1411 1781 1452 1854 In
1466 1780 1554 1873 fine:
1589 1779 1711 1856 Finito
1734 1780 1920 1876 ilminpbals

235 1877 400 1954 difiesole
421 1881 489 1954 che
515 1895 628 1953 tracta
651 1879 809 1952 damore.
851 1879 934 1950 Cum
953 1874 1038 1970 figo.
1057 1873 1131 1967 foii.
1155 1881 1214 1950 60.
1264 1897 1300 1965 4.

406 1990 493 2054 Giac·
515 1987 636 2053 Sardini
656 1987 678 2053 l.
702 2007 728 2052 c.
746 2005 779 2074 p.
808 2001 879 2050 102.
906 2007 936 2050 rs.
962 2005 1008 2066 13.

334 2080 419 2190 202:
456 2107 608 2183 Bonrn
633 2130 745 2202 opera
766 2111 975 2183 minora-
1010 2103 1072 2198 foi.

402 2204 457 2288 Est
477 2207 550 2270 Pars
567 2210 665 2282 prinu
687 2224 802 2289 operum
824 2203 945 2277 Raetii,
968 2201 1107 2266 editionis
1131 2198 1198 2267 Vol.
1220 2198 1280 2266 111.
1299 2219 1331 2286 p.
1355 2219 1431 2284 404.
1454 2221 1486 2265 n.
1508 2214 1599 2280 2155.
1626 2190 1791 2271 excitatas.

333 2327 472 2423 232.&
497 2343 580 2419 233.
614 2325 852 2399 Marsuam
877 2316 989 2399 'sossi
1029 2319 1211 2416 Veronensis
1235 2321 1280 2394 de
1309 2320 1505 2395 tolerandis
1537 2320 1692 2394 adversis
1719 2322 1923 2397 collationes

236 2423 323 2500 duo.
372 2425 413 2498 Ia
426 2422 495 2516 fine
507 2425 664 2521 sicundae
680 2426 869 2496 collationis:
892 2422 952 2496 De
975 2419 1169 2495 tolerandis
1195 2419 1351 2493 adversis
1369 2421 1531 2512 dialogus
1552 2416 1641 2494 finit
1666 2423 1833 2517 Sequitur·
1855 2420 1923 2497 Ma·

241 2544 344 2598 ‘runs
400 2543 508 2596 noser
568 2519 750 2614 Veronenſss,
793 2520 968 2612 Regularis
1008 2519 1052 2590 ad
1094 2518 1127 2612 J.
1166 2517 1401 2592 Ludovicum
1444 2516 1591 2590 Bnllurn
1631 2474 1923 2613 Jureconsd'lt.et

237 2619 511 2718 equestrisord.
535 2619 666 2692 Virum
691 2621 736 2691 de
757 2619 917 2711 gerendo
933 2616 1143 2711 Magistratu
1164 2615 1377 2708 justitiaque
1396 2617 1549 2689 colenda
1571 2617 1786 2709 opusculum
1809 2618 1922 2711 incipit

237 2723 392 2797 Accedit:
420 2721 597 2792 Marum
627 2738 733 2790 sossi
763 2715 942 2805 l'eroaenfis
963 2720 1114 2791 canonici
1134 2719 1289 2813 regularis
1311 2738 1357 2788 ne
1383 2715 1562 2789 foeminea
1583 2733 1799 2791 ornamenta
1822 2716 1944 2807 Bono·

235 2821 386 2895 niensib.
413 2816 645 2892 restituantur
662 2817 705 2889 ad
725 2813 968 2888 Beliarionem
987 2812 1214 2888 Cardinalen
1229 2832 1337 2906 atque
1358 2816 1513 2906 legatum
1531 2813 1754 2889 cohortatio.
1806 2814 1847 2887 Ia
1859 2810 1936 2909 first,

235 2916 346 2992 Finit.
374 2916 501 3011 Agmen
522 2916 689 2989 claudunt:
713 2913 944 2987 Diversarum
965 2933 1087 2986 rerum
1116 2908 1285 3004 epistolae
1310 2913 1501 2998 varietate,
1536 2913 1719 3003 pondere,
1754 2915 1861 3006 copia
1880 2910 1938 3005 de,

235 3020 393 3090 votione
424 3015 546 3088 l'ructu
574 3014 871 3104 iucunditateque
900 3011 1045 3115 referte.
1092 3009 1241 3083 'lirndenn
1266 3011 1397 3087 Oratio
1421 3013 1459 3087 in
1479 3011 1583 3085 beata
1605 3011 1705 3086 Cena
1727 3011 1925 3090 Domini-

233 3115 281 3192 Ei
304 3117 381 3188 laus
408 3113 476 3187 Cui
495 3115 622 3185 omnia
651 3111 823 3184 serviunt.
857 3113 952 3184 Char.
972 3132 1051 3182 rom.
1079 3104 1142 3199 fol.
1164 3114 1244 3183 min.

401 3224 489 3288 Giat.
511 3220 632 3286 Sardini
652 3221 674 3288 i.
699 3241 724 3286 c.
745 3239 782 3308 p.
808 3238 877 3287 102.
897 3241 926 3282 rs.
954 3239 1002 3301 14.

283 3401 285 3405 >
333 3363 417 3454 246.
439 3363 475 3435 b.
501 3361 768 3434 Brnvranruu
790 3356 1017 3446 officiorum,
1043 3361 1106 3434 seu
1130 3359 1324 3434 Horarium
1352 3355 1547 3432 secundum
1573 3358 1737 3435 ordinem
1766 3361 1923 3439 Ecclesiae

235 3464 524 3557 salisburgensis.
557 3459 726 3534 Praecedit
745 3457 820 3551 foll.
841 3467 877 3540 8.
903 3458 1154 3534 calendarium
1177 3478 1214 3532 ct
1237 3460 1359 3532 ludex.
1396 3461 1546 3554 Sequitur
1567 3457 1773 3551 Psalterium
1801 3479 1838 3537 et
1861 3466 1924 3539 lits·

235 3568 388 3638 viations
414 3562 496 3658 qiud
515 3562 708 3632 remaneatur
725 3554 788 3649 fol.
812 3577 823 3628 r
831 3574 889 3644 51.
907 3560 938 3633 i.
958 3561 1014 3630 coi.
1035 3575 1068 3632 2.
1087 3563 1144 3631 lin.
1162 3577 1221 3652 30.
1245 3557 1318 3630 Hoc
1343 3562 1455 3649 excipis
1476 3557 1568 3629 ordo
1591 3561 1636 3632 de
1658 3558 1785 3635 sanctis
1809 3580 1847 3639 et
1866 3564 1923 3635 brt·
1952 3578 1955 3603 ³

155 3684 164 3693 ’
234 3665 388 3735 viarium
416 3657 590 3752 gradualis
620 3653 680 3730 seu
712 3652 917 3730 officiorum
928 3655 985 3729 de
1001 3671 1175 3749 tempore
1198 3670 1235 3727 et
1258 3653 1385 3729 sanctis
1403 3653 1474 3745 fail.
1506 3671 1564 3739 44.
1615 3655 1739 3748 infiat
1760 3657 1925 3733 runnu

104 3766 116 3792 ⁹
232 3777 374 3839 tantum
392 3758 442 3831 de
467 3756 651 3829 breviario
682 3751 886 3828 officiorum
915 3753 1014 3850 milse
1040 3754 1080 3828 sit
1101 3756 1237 3829 dictum
1261 3752 1459 3828 secundum
1486 3753 1638 3827 chorum
1662 3754 1823 3833 Ecclesre
1842 3758 1925 3833 Salis·

236 3862 385 3954 burgen.
415 3855 509 3931 Nam
537 3869 637 3926 extra
660 3854 811 3927 eliorum
836 3851 937 3927 usum
951 3873 1186 3931 communem
1211 3869 1387 3944 quantum
1410 3852 1452 3922 ad
1478 3850 1706 3944 kirieleyson.
1728 3854 1879 3934 Sanctus
1898 3872 1925 3927 et

234 3957 494 4033 Benedicamus
507 3952 644 4026 seruare
655 3954 798 4025 iuberis.
810 3951 1115 4043 quemadmodum
1126 3956 1161 4025 in
1172 3954 1268 4024 libris
1284 3952 1523 4026 Gradualibns
1533 3952 1612 4040 ipsis
1620 3954 1780 4046 apposita
1794 3957 1924 4032 Rubrio
1939 4002 1947 4007 -

232 4059 366 4130 indicat
384 4059 444 4126 ubi
467 4056 550 4125 luce
574 4053 703 4123 clarius
725 4052 824 4142 quod
847 4054 891 4126 de
914 4048 1094 4142 apostolis.
1121 4052 1338 4142 martyribus
1364 4048 1647 4146 confessoribus:
1676 4058 1924 4150 virginibusque

232 4173 376 4231 cantare
399 4153 745 4330 izeibleajosagparebit
776 4156 881 4227 ¹Clitor.
903 4150 986 4242 goth.
1013 4154 1270 4244 windigamo
1288 4147 1373 4244 fign.
1397 4148 1521 4224 Initioi.
1546 4163 1687 4248 etpogg.
1703 4162 1856 4271 numeris.
1877 4151 1924 4249 fol.

477 4293 486 4313 ’
598 4292 607 4310 ’
1959 4292 1963 4383 l

190 4482 194 4487 Ι
328 4404 410 4478 aso.
427 4390 467 4464 b.
502 4389 760 4464 Buennnrusr.
784 4384 846 4461 lx.
881 4386 1003 4460 Bullas
1031 4383 1256 4460 diversorum
1283 4336 1504 4461 Pontificum
1530 4389 1799 4484 complectens,
1833 4392 1928 4489 usna

231 4492 335 4563 irritis.
364 4486 431 4561 Fsi
451 4507 481 4562 1.
497 4512 526 4561 a.
554 4488 656 4564 Bulla
679 4490 723 4564 de
752 4482 936 4559 beneficiis
955 4484 1105 4560 affectis
1132 4484 1231 4558 Pauli
1256 4483 1300 4557 ll.
1325 4484 1406 4559 data
1430 4485 1479 4558 A.
1509 4493 1612 4575 1467.
1640 4487 1705 4560 Fal.
1729 4509 1762 4581 9.
1781 4514 1814 4568 ι.
1834 4494 1888 4565 lin.
1901 4488 1926 4561 6.

231 4586 410 4666 Nicolaus
442 4586 492 4662 V.
527 4585 698 4691 Eiusdem
720 4583 956 4663 Concordats
984 4606 1069 4664 cum
1091 4583 1278 4661 Ftiderico
1302 4582 1393 4678 imp.
1428 4581 1497 4664 Fal.
1526 4603 1580 4661 rr.
1603 4588 1632 4658 i.
1664 4592 1724 4666 tin.
1748 4608 1811 4671 ιι.
1833 4601 1927 4760 absa

1886 4704 1929 4761 stc
