4416 5722
214 507 312 592 .308
965 493 1218 575 LUGDUNI.

1 666 11 684 ”
52 674 56 681 ’
97 726 104 741 ·
242 711 280 773 et
305 693 436 790 Jodoci
461 689 560 769 Badii
584 685 755 764 Astenlii.
786 685 877 762 Item
901 686 1056 766 eiusdem
1079 685 1239 767 ascensii
1262 636 1429 765 inlrbros
1450 689 1669 766 deamicitia
1690 687 1894 770 Senectute
1915 710 1946 769 et

239 795 434 872 Paradoxis
450 793 566 884 longe
590 783 845 882 diligentiffima
864 789 1114 880 interpretatio
1135 789 1369 884 Jamprimum
1395 786 1499 862 edita.
1527 789 1618 863 Haec
1640 796 1674 863 in
1686 788 1813 880 fronte.
1864 792 1947 884 rnn-

240 917 299 969 ne:
325 893 445 965 Habes
465 908 564 962 nunc
587 888 708 978 itaque
731 887 868 960 lector:
893 908 1000 960 aurea
1022 890 1083 960 illa
1105 888 1220 961 Marci
1244 886 1430 961 Ciceronis
1458 888 1503 961 de
1532 888 1693 961 moribus
1716 909 1853 981 opera:
1880 888 1949 963 olii·

243 995 394 1066 ciorum.
423 986 469 1060 de
492 987 646 1059 amicitia
669 1000 707 1057 et
729 984 775 1056 de
802 982 989 1068 senectute
1015 987 1142 1077 nequis
1165 988 1201 1058 in
1228 1005 1356 1058 eorum
1380 987 1539 1058 lectione
1567 988 1717 1062 vacillet
1736 990 1783 1060 ab
1809 988 1947 1081 Jodoco

243 1089 357 1165 Badio
382 1082 535 1159 ascensio
558 1078 815 1156 familiariffime
836 1085 1045 1174 explanata:
1067 1085 1105 1157 in
1129 1083 1294 1157 ordinem
1317 1098 1521 1156 contracta:
1549 1102 1632 1157 cum
1652 1086 1692 1157 in
1715 1087 1882 1159 eiusdem
1896 1107 1950 1178 pa·

242 1180 554 1268 radoxaeiusdem
575 1181 859 1273 prenotamentis
874 1202 950 1254 non
965 1182 1187 1272 penitendis:
1213 1203 1272 1278 que
1291 1180 1404 1276 rursus
1422 1183 1585 1272 dh'gmter
1604 1177 1774 1291 coppreffia
1789 1183 1872 1277 siant
1886 1189 1950 1276 lag·

241 1288 320 1375 duni
339 1295 481 1378 opero‘tt
497 1279 628 1376 solertia
651 1280 800 1373 Stephani
817 1281 942 1352 boland.
970 1277 1069 1352 Anno
1080 1276 1199 1377 salutis
1218 1278 1319 1372 nostre
1339 1278 1503 1373 Midefiino
1523 1279 1765 1374 quingentesimo
1786 1297 1899 1377 paam
1912 1282 1951 1354 ad

241 1384 455 1458 duohcimum
478 1379 591 1450 Kalen
608 1376 809 1472 septembres.
834 1374 903 1451 Fal.
925 1380 1029 1453 ultim.
1045 1379 1075 1449 h.
1099 1375 1227 1472 Insigne
1245 1389 1366 1472 typogr.
1416 1396 1453 1464 4.
1478 1381 1556 1451 mai.
1566 1375 1601 1471 ſs
1610 1374 1671 1467 fol.
1692 1383 1777 1451 min.
1829 1446 1837 1463 ,

412 1488 551 1553 &tecm
569 1484 680 1561 nostro.
979 1520 985 1527 ·
1061 1514 1064 1519 ·
1540 1533 1543 1541 .

314 1627 398 1697 52·
438 1607 634 1680 Sermones
667 1600 981 1696 quadragefimales
1014 1602 1131 1678 fratris
1162 1602 1352 1680 Auroun
1383 1623 1683 1698 vrncunnausrs
1710 1603 1758 1678 de
1785 1605 1868 1682 XII.
1889 1609 1945 1682 mi·

239 1712 409 1790 rabilibus
442 1703 652 1778 christianae
678 1701 764 1775 fidei
789 1703 1022 1776 excellentiis.
1075 1703 1119 1775 ln
1136 1699 1225 1794 fine:
1267 1698 1452 1819 Im'preffirm
1485 1702 1642 1794 Lugduni
1666 1715 1726 1797 per
1749 1702 1944 1800 Magistrum

240 1813 415 1889 Nicolaum
438 1806 656 1880 corennum.
683 1799 783 1874 Anna
803 1800 921 1873 domini
947 1799 1243 1877 mccccclt.
1269 1803 1318 1874 die
1338 1799 1416 1876 AV.
1440 1798 1565 1894 Mensis
1576 1804 1667 1896 May.
1688 1798 1800 1876 ‘mnis
1849 1819 1886 1890 4.

405 1908 552 1979 Biblini.
573 1905 669 1991 Josch.
1077 1965 1082 1971 .
1351 1939 1353 1944 ·
1525 1984 1528 1989 „

336 2001 346 2031 ⁸
447 2112 450 2117 ,
581 2038 586 2050 ·
1039 2039 1144 2101 mov.
1277 2106 1279 2110 ,

333 2144 450 2245 6411).
492 2140 649 2217 Actores
674 2148 764 2212 octo
784 2131 1042 2227 opusculorum
1067 2154 1151 2211 cum
1171 2137 1438 2211 commentariis
1467 2133 1722 2230 diligentiffime
1749 2135 1940 2214 emendatis

186 2318 189 2329 ,
237 2246 427 2323 videlicet:
461 2239 667 2314 Carours:
701 2234 948 2308 Tuuooonr:
983 2232 1161 2306 Facnrrt
1196 2231 1344 2307 Cartule
1374 2235 1461 2306 alias
1490 2233 1543 2307 de·
1564 2251 1783 2329 contemptu
1808 2238 1937 2314 mundi

236 2346 499 2422 Tuonraors:
530 2334 782 2412 Parabolarum
810 2332 969 2404 Anam:
997 2330 1213 2405 Fabularum
1236 2329 1379 2404 Esorrt
1413 2330 1561 2407 Floreti.
1612 2334 1654 2407 In
1672 2332 1765 2424 fine.-
1789 2333 1937 2409 Actores

235 2459 325 2521 octo
345 2481 395 2500 -
415 2439 564 2513 noviter
588 2452 670 2506 cum
691 2431 843 2504 maxima
861 2430 1116 2505 lucubratione
1133 2426 1307 2523 castigatis
1331 2432 1392 2522 qui
1410 2427 1490 2502 satis
1515 2430 1558 2502 ah
1576 2434 1744 2504 omnibus
1766 2450 1871 2504 retro
1883 2438 1936 2507 im

234 2540 452 2637 prelioribus
485 2530 679 2624 incastigati
712 2524 908 2611 evaserant.
960 2526 1115 2620 Lugduni
1140 2525 1273 2624 inprff
1296 2541 1358 2623 per
1393 2528 1586 2622 Stephmr
1615 2530 1743 2605 hatand.
1768 2527 1871 2605 Anno
1892 2533 1936 2606 dri

234 2647 286 2717 Μ.
295 2641 446 2717 CCCCC.
460 2635 501 2707 V.
528 2631 594 2704 Die
614 2649 691 2702 vero
711 2632 822 2724 quinta
847 2620 959 2713 mensis
980 2623 1112 2698 Martii.
1161 2643 1198 2710 4

401 2739 499 2806 Calai.
522 2731 667 2802 distant.
689 2731 828 2798 Moerlii.
849 2735 883 2799 Ρ.
904 2730 931 2796 1.
950 2747 984 2814 p.
1011 2750 1079 2810 ¹⁸9·
1099 2748 1133 2819 u.
1155 2744 1267 2804 1018..

189 2888 192 2892 ·
219 2842 222 2847 ’
328 2869 387 2944 66.
408 2884 438 2938 c
463 2860 573 2935 Liber
599 2855 786 2929 Fnoanrr
811 2854 849 2924 in
871 2869 946 2943 quo
968 2849 1079 2924 flores
1096 2844 1267 2925 omnium·
1290 2853 1469 2928 virtutum
1492 2870 1530 2929 et
1552 2853 1817 2934 detestationes'
1835 2865 1929 2938 vitio·
1956 2848 1984 2965 0

232 2987 314 3043 rum
336 2963 485 3038 metrice
511 2957 746 3030 continentur
767 2970 836 3021 una
859 2968 941 3022 cum
961 2964 1181 3026 commento.
1211 2950 1286 3022 icon
1321 2953 1496 3041 otomatis,
1522 2957 1716 3050 altorumque
1740 2960 1929 3036 Sanctam
1965 2972 1968 2979 ·

232 3065 326 3140 Haec
347 3068 383 3136 in
396 3057 517 3152 fronte.
569 3051 610 3124 In
628 3047 695 3140 fine
707 3044 767 3139 fol.
792 3045 920 3120 CXLI.
940 3047 971 3121 h.
998 3046 1157 3139 Explicit
1179 3048 1270 3120 liber
1300 3051 1434 3126 doreti.
1460 3049 1561 3124 Anno
1580 3053 1635 3124 dni
1655 3051 1835 3146 Millesrmo
1855 3067 1929 3157 quta

192 3154 194 3161 ’
226 3159 510 3257 genuefirnoqninto.
536 3152 584 3223 die
602 3168 678 3220 varo
702 3144 763 3218 VI.
784 3144 896 3238 nensis
913 3142 1100 3239 septembris.
1125 3140 1323 3242 Impreffum.
1352 3151 1504 3245 Sequitur
1519 3150 1641 3224 inbuta.
1672 3150 1820 3227 Tandem
1846 3158 1930 3252 ppo.

228 3283 269 3334 nt
292 3273 414 3355 typogr.
436 3250 585 3348 ..Jannoti
605 3247 641 3318 de
667 3247 796 3338 Campis
814 3255 934 3338 typogr.
959 3241 1167 3341 Lugdunenfi
1187 3239 1250 3334 foi.

399 3362 540 3426 Codectio
561 3353 670 3441 nsjtrae.
766 3355 771 3364 ’
797 3360 801 3368 ’
1282 3403 1285 3408 .

220 3516 224 3523 ·
324 3484 384 3561 66.
409 3483 442 3557 d.
477 3480 553 3552 icen
580 3473 782 3563 Tarentinis,
806 3476 890 3565 ligno
909 3472 999 3569 tntis
1012 3469 1136 3568 fistens.
1162 3467 1270 3565 infra.
1295 3470 1336 3548 P.
1356 3471 1570 3549 Trauurrr
1593 3496 1724 3554 sauss
1749 3489 1927 3559 camimum

229 3580 438 3680 elegarrtifflmi
464 3573 656 3650 Comedie:
695 3592 716 3643 a
737 3570 911 3645 Guidone
934 3571 1112 3665 Juvenale
1142 3572 1224 3644 viro
1248 3591 1418 3665 perquam
1443 3575 1603 3648 litterato
1625 3575 1851 3658 familiariter
1875 3606 1926 3658 ex·

226 3686 390 3778 planate:
433 3693 472 3751 et
495 3677 538 3748 ab
559 3670 705 3766 Jodoco
728 3670 841 3742 Badio
866 3668 1036 3744 Ascenho
1064 3689 1136 3740 una
1163 3690 1246 3743 cum
1267 3672 1576 3763 explanationibus
1598 3673 1741 3751 rursum
1764 3698 1927 3757 annotate

228 3800 336 3874 atque
355 3776 560 3869 accognitet
585 3787 741 3858 cumque
764 3767 918 3842 eiuldem
944 3765 1101 3843 ascensii
1133 3771 1418 3861 prenotamentis
1446 3764 1555 3861 atque
1576 3784 1848 3854 annotamentis
1868 3779 1926 3854 iuis

225 3883 318 3955 locis
340 3875 503 3950 adhibitis
525 3889 632 3963 quam
655 3862 908 3938 accuratissime
929 3867 1143 3939 venundant
1169 3862 1330 3958 imprelli.
1365 3864 1459 3938 Haec
1476 3865 1641 3958 instante.
1688 3872 1732 3944 ln
1747 3871 1834 3965 fine:
1865 3878 1934 3953 Pur

225 3981 289 4052 blii
309 3975 476 4051 Terentii
497 3970 596 4062 aphri
620 3963 842 4036 comicorum
863 3960 1101 4056 elegantiffimi
1128 3964 1292 4037 comedie
1314 3987 1334 4036 a
1355 3963 1528 4038 Gnidone
1547 3968 1792 4062 Juvenale-
1818 3979 1925 4070 expp.

224 4092 330 4152 nate:
356 4090 393 4149 et
417 4075 460 4146 ab
484 4069 630 4165 Jodoco
653 4061 767 4135 Badio
792 4059 984 4136 Ascensro:
1021 4083 1092 4135 una
1116 4082 1200 4136 cum
1224 4064 1533 4154 explanationibus
1560 4064 1630 4141 suis
1654 4070 1748 4143 locis
1768 4073 1927 4151 adhibitis

222 4171 363 4259 rursum
387 4185 559 4243 annotate
582 4179 690 4254 atque
711 4166 916 4254 recognito:
941 4158 1062 4232 solerti
1086 4177 1171 4233 cura
1191 4157 1373 4255 castigate:
1398 4161 1593 4259 impensaque
1608 4190 1671 4241 nnn
1690 4172 1757 4242 tent
1774 4185 1836 4266 per
1851 4196 1926 4267 egra·

221 4280 313 4368 punt
333 4270 442 4341 chrum
459 4267 650 4360 Stephanum
666 4259 773 4330 Baton
789 4260 1002 4331 caraneridrts
1017 4257 1175 4330 mandate.
1203 4255 1303 4331 Anno
1319 4259 1358 4331 ah
1378 4263 1594 4371 incarnatione
1612 4267 1677 4341 dni
1695 4265 1924 4350 MCCCCCV.

92 4428 99 4442 .
223 4372 284 4447 die.
311 4356 409 4442 XVI.
434 4364 522 4454 rnor'y'.
551 4358 686 4431 mnium
699 4353 848 4447 feliciter.
895 4375 931 4442 4.
951 4360 1029 4426 mai.
1047 4354 1081 4452 fi
1097 4351 1160 4444 fol.
1185 4361 1264 4429 min.

391 4457 529 4522 Codertio
556 4451 662 4546 antra.
704 4447 816 4534 Editio,
829 4453 904 4519 anni
919 4447 1070 4540 laqueatis
1099 4447 1162 4526 (V.
1182 4450 1300 4523 Arraei.
1321 4461 1385 4541 ηρ.
1409 4450 1481 4520 Vct.
1505 4452 1578 4520 Vll.
1592 4471 1627 4544 p.
1650 4470 1721 4540 285.
1743 4480 1776 4529 ι,
1794 4471 1862 4542 μ)
1882 4461 1923 4529 aa.

472 4538 560 4613 nola
577 4549 694 4598 ornam
713 4526 766 4615 est.

1804 4657 1922 4727 unul.
