4416 5722
193 522 390 641 ‚322⁰
706 526 714 543 '
1062 543 1154 624 Do,

254 764 309 818 na
329 763 356 815 s.
378 714 618 817 enarramus
648 739 808 834 dialogus
836 740 932 814 int'er
960 739 1131 816 christum
1160 757 1198 818 et
1219 743 1397 837 latronem
1425 742 1471 818 de
1502 740 1600 819 finali
1628 744 1826 838 penitentia
1851 761 1884 824 et

254 840 504 916 misericordia.
541 842 714 914 Eiusdem
736 842 826 911 liber
848 840 893 911 de
915 840 1085 914 universo
1109 844 1208 933 quod
1230 844 1344 916 homo
1372 860 1574 935 creaturas,
1608 843 1757 938 seipsam
1782 862 1820 918 et
1847 847 1903 919 deu

125 989 128 993 -
256 957 430 1033 quantum
455 939 601 1022 faseli,
629 940 827 1032 intelligere
852 936 980 1031 potest.
1009 944 1172 1014 Atacem
1201 963 1253 1014 ns
1277 963 1436 1015 auaaro
1462 963 1529 1033 pro
1555 942 1687 1019 iuristrs
1719 958 1758 1018 et
1786 945 1904 1033 theolo

225 1116 230 1135 ,
256 1040 302 1114 de
321 1042 525 1154 'verborum
548 1034 877 1132 fignificationibua.
914 1040 1010 1112 Char.
1032 1041 1208 1132 gorhxrno.
1232 1044 1254 1118 l.
1274 1057 1332 1132 34.
1350 1037 1421 1133 foll.
1441 1059 1499 1135 32.
1526 1039 1589 1133 fol.

424 1153 513 1240 Apud
537 1156 602 1223 Da.
626 1152 661 1217 dt
688 1149 887 1234 Maagerors.

356 1313 440 1387 452.
461 1297 497 1370 b.
536 1298 763 1385 Donatus,
795 1294 830 1367 id
854 1289 929 1379 est,
954 1294 1202 1388 grammaticae
1226 1296 1356 1369 latinae
1378 1296 1493 1386 prima
1514 1297 1701 1370 elementa.
1741 1296 1904 1390 Fragment

262 1401 363 1491 operis
382 1395 724 1489 agiographioidnohns
740 1397 871 1484 integris
890 1394 1033 1485 constans
1043 1390 1144 1493 foliis.
1165 1394 1385 1489 opistogrophis
1396 1392 1456 1488 sau
1472 1402 1602 1487 paginis
1614 1411 1691 1482 octo,
1719 1420 1856 1493 quornm
1876 1419 1904 1490 qa

260 1497 333 1568 libet
352 1497 451 1565 lineos
476 1516 538 1564 non
563 1497 758 1585 interruptos
778 1504 926 1562 enumerat
949 1496 1065 1583 uiginti
1076 1492 1195 1586 septena
1217 1489 1378 1589 impreffas
1394 1505 1517 1585 papyro
1533 1493 1661 1586 signato
1680 1501 1781 1589 rapite
1804 1497 1902 1578 hoen,

152 1662 158 1668 .
262 1616 321 1688 qno
340 1589 444 1689 surgit
467 1595 550 1663 linea
570 1596 606 1662 in
628 1591 727 1663 medio
749 1610 860 1681 gerens
884 1593 1041 1664 Coronant
1061 1602 1090 1661 st
1108 1595 1144 1662 in
1170 1614 1293 1663 arnaern
1319 1588 1467 1681 definens.
1495 1596 1682 1665 charactere
1707 1596 1861 1666 immobili
1879 1614 1904 1663 n

261 1713 302 1764 no
324 1693 479 1761 hortulanis
499 1702 528 1760 et
550 1678 694 1783 grapho
721 1684 865 1782 consuetu
887 1682 1016 1784 miffisiis
1038 1691 1153 1779 gothici
1175 1686 1289 1781 fornia
1311 1690 1461 1783 dilatati,
1500 1688 1739 1787 arnficiofiffirne
1764 1697 1800 1763 in
1820 1696 1898 1784 ligno

258 1788 373 1882 {ianm
395 1786 527 1882 sculpto.
560 1785 791 1877 Danaa-ann·
815 1789 971 1876 initiales,
1001 1792 1129 1858 nunreri
1150 1802 1247 1883 pagg.
1274 1786 1349 1880 strJL
1370 1784 1559 1881 stgnotrnne
1584 1804 1613 1861 et
1628 1790 1726 1882 figna
1757 1790 1903 1880 distinctio

263 1900 384 1982 excepto
405 1889 619 1957 inlinearnrn
631 1882 701 1978 fine
721 1884 881 1978 divisionis
892 1883 985 1976 figas
1007 1899 1035 1956 et
1055 1890 1166 1957 rarius
1188 1901 1367 1959 occurrente
1383 1900 1512 1978 puncto.
1543 1886 1635 1960 hina
1647 1893 1849 1983 paragraphi
1867 1900 1893 1954 et

261 1989 344 2058 liant
356 1982 516 2079 sequentis
536 1987 730 2054 connectitur·
753 1984 855 2055 eodem
879 1983 980 2074 niodo,
1004 1996 1042 2053 at
1062 1988 1096 2055 in
1117 1984 1252 2078 historiis
1272 1986 1390 2057 bibliais
1406 2007 1426 2054 o
1445 1981 1577 2077 Pfistero
1599 1986 1701 2072 146'2.
1728 1984 1904 2083 inspreffisv

263 2106 298 2155 re
334 2082 375 2173 est
404 2078 785 2176 (illuminantia.
808 2083 957 2171 Bibliagr.
982 2078 1145 2174 Mogaain
1176 2083 1215 2153 V.
1236 2085 1282 2157 St.
1306 2085 1338 2154 S.
1366 2083 1442 2177 17.)
1485 2082 1714 2176 Fragrnensnrn
1736 2088 1794 2157 hoc
1812 2091 1848 2158 in
1872 2104 1904 2153 ea

257 2183 311 2277 plo
332 2181 464 2276 quodam
492 2176 551 2276 Jo.
574 2180 669 2250 Balbi
689 2184 855 2253 catholicon
878 2203 899 2250 a
920 2179 1082 2265 Gnnthero
1110 2179 1228 2255 Zainer
1255 2184 1358 2276 1469.
1384 2175 1525 2277 impreffa
1550 2189 1716 2269 irruentum
1723 2183 1800 2275 ,est
1824 2187 1904 2256 cuin

261 2292 398 2375 galatae
423 2278 616 2370 originariae
636 2280 870 2369 agglutinatam
896 2282 975 2349 erat
1007 2276 1068 2369 fol.
1091 2283 1168 2352 mai.

312 2423 314 2427 ⁴
388 2460 393 2467 ,
431 2396 537 2457 Extat.
555 2393 588 2453 t'n
611 2389 756 2468 Bthltash.
778 2392 883 2480 Iotapi.
906 2392 1079 2474 Joschiana·

362 2549 444 2626 452.
464 2556 494 2608 c.
528 2534 740 2609 nonanus.
771 2534 886 2631 incipit
908 2538 1021 2631 absque
1040 2540 1153 2626 titulo,
1169 2531 1230 2626 fal.
1258 2552 1289 2606 1.
1307 2557 1337 2606 a.
1361 2558 1442 2630 qnae
1451 2530 1656 2627 fignaturorn
1679 2539 1788 2623 hahet,
1806 2528 1873 2629 fii:
1899 2590 1904 2608 .

263 2637 492 2713 tesorationis
510 2650 603 2725 quot
621 2630 703 2705 sum
722 2634 831 2706 Octo.
858 2632 943 2732 Que
959 2635 1120 2708 Nomen.
1139 2653 1343 2726 pronomen
1360 2638 1512 2708 verbum
1527 2637 1740 2709 adverbium
1759 2637 1826 2708 hac.
1854 2634 1904 2707 Ln

263 2739 387 2810 litteras
406 2736 540 2807 initialis
560 2746 688 2824 strapas
713 2734 840 2817 tabula,
867 2738 950 2822 ligno
971 2733 1069 2825 inciso
1080 2785 1093 2819 ,
1119 2733 1270 2805 Mariam
1294 2745 1325 2803 et
1347 2731 1520 2829 Josephum
1543 2757 1615 2805 cnm
1632 2752 1732 2829 puero
1754 2732 1840 2833 Jefia
1851 2732 1904 2826 sepi.

266 2844 309 2917 In
316 2831 386 2927 fine
404 2833 517 2904 rrsbro:
542 2828 640 2902 Finit
655 2831 818 2905 feliciter.
847 2835 943 2905 Char.
959 2828 1100 2929 rniffitlih.
1110 2830 1170 2926 seu
1184 2827 1314 2925 maiust.
1326 2830 1490 2924 cumfign.
1503 2857 1581 2904 a—
1595 2857 1620 2906 e.
1636 2839 1691 2908 lin.
1708 2832 1846 2924 tosti.
1857 2841 1904 2927 36.

432 2936 575 3003 Bthltorb.
599 2935 733 3008 Schearl.
838 3008 841 3015 Ι

362 3086 444 3167 asa.
465 3074 497 3150 d.
534 3076 738 3149 Donatus
759 3077 879 3149 minor
907 3072 1045 3165 optime
1068 3088 1269 3147 correctus.
1302 3070 1395 3144 Haec
1414 3076 1449 3143 in
1467 3069 1577 3160 fronte
1588 3072 1651 3164 fal.
1681 3100 1709 3148 r.
1735 3101 1766 3153 a.
1797 3078 1863 3155 Fal.
1887 3098 1904 3153 2

265 3177 654 3274 (1³>Artesoratromjs
688 3189 786 3268 quot.
814 3172 903 3249 sunt
932 3188 1031 3247 octo.
1065 3172 1160 3271 Que.
1188 3190 1325 3245 nomen
1345 3170 1414 3245 &c
1450 3170 1491 3242 In
1504 3170 1575 3263 fisse
1589 3169 1650 3263 fol.
1678 3194 1730 3264 ¹4·
1757 3200 1787 3249 a.
1821 3178 1904 3272 Expl

264 3281 453 3356 Donatus.
478 3277 573 3349 Char.
597 3277 680 3364 goth.
731 3291 769 3360 4,

432 3379 575 3480 thilon.
599 3381 717 3444 Paralia.
742 3377 883 3465 Lipfiens.

363 3519 496 3612 aspin
535 3515 726 3609 Expofitio
753 3514 930 3589 mutar
963 3512 1157 3586 secundum
1188 3513 1286 3585 viam
1312 3509 1474 3586 doctoris
1503 3511 1635 3587 Sancti.
1661 3518 1826 3606 perutilis
1849 3518 1904 3592 Bar

264 3618 430 3693 lariandis
460 3616 578 3690 Etiam
604 3610 875 3707 quibuscunque
904 3614 979 3685 aliis
1004 3610 1220 3684 scholaribus
1241 3611 1453 3684 volentibus
1475 3611 1561 3685 scire
1589 3613 1784 3705 donatum:
1828 3617 1904 3690 Han

262 3713 367 3804 fronte
383 3712 449 3806 sol.
473 3733 506 3789 1.
525 3739 558 3788 a.
611 3712 652 3785 Ia
667 3709 754 3802 fine:
782 3710 971 3805 Expositio
992 3725 1080 3782 octo
1106 3713 1258 3801 partium
1282 3712 1456 3785 orationis
1476 3709 1670 3785 secundum
1692 3706 1799 3786 viam.
1816 3716 1849 3791 d.
1865 3715 1897 3787 S.

265 3818 381 3888 variis
398 3812 503 3904 ipsius
527 3829 564 3886 et
586 3815 738 3884 aliorum
760 3812 857 3882 libris
882 3832 948 3902 per
970 3806 1178 3903 Magistrum
1203 3827 1371 3903 magnum
1395 3808 1734 3905 magdeburgensem
1756 3816 1904 3889 collecta

119 3934 123 3942 '
267 3916 323 3987 nit
347 3912 376 3986 F
380 3913 527 3986 eliciter.
555 3912 649 3986 Char.
674 3912 745 4003 goth
769 3931 839 3980 oum
857 3910 941 4004 fign.
954 3906 1029 4000 foll.
1058 3914 1113 4003 38.
1162 3926 1196 3995 4.

432 4016 579 4088 Brittan.
603 4017 721 4084 Parsia.
744 4020 823 4103 Lips.

362 4164 446 4244 434.
465 4152 502 4226 b.
543 4149 763 4250 Questiones
790 4146 894 4243 saper
920 4151 1147 4225 Donanun.
1179 4143 1273 4219 Haec
1295 4141 1455 4233 infrenis
1472 4145 1533 4240 sol.
1562 4169 1593 4226 1.
1615 4174 1645 4225 a.
1672 4153 1738 4227 Fsi
1756 4174 1792 4230 2.
1812 4179 1843 4232 a.
1867 4164 1904 4231 in

260 4252 335 4351 fic:-
353 4290 402 4309 -
441 4253 553 4326 artes
581 4251 757 4343 orationis
797 4264 889 4340 quot
916 4246 1006 4322 sunt.
1052 4246 1181 4319 Littera
1210 4243 1251 4315 P.
1277 4265 1363 4338 qnae·
1383 4250 1544 4338 praecedis
1562 4249 1710 4343 figuram
1732 4252 1820 4345 fistit
1843 4256 1902 4328 Ma

266 4376 340 4425 cum
370 4365 468 4444 puero
501 4346 607 4442 Jesn,
651 4371 731 4443 qnae
761 4347 925 4419 dianidians
953 4359 1078 4442 partem
1106 4342 1186 4435 folii
1210 4354 1346 4434 occupat
1405 4343 1446 4415 In
1474 4343 1563 4436 fine:
1603 4346 1816 4441 Explictunt
1844 4354 1903 4449 qstr'

267 4453 350 4527 cole
370 4447 648 4544 grammaticales
673 4445 777 4539 super
801 4446 974 4523 donatum
1002 4445 1199 4524 minorem..
1229 4443 1418 4535 Changoth.
1433 4449 1512 4517 nin.
1527 4468 1600 4520 carn
1613 4447 1790 4544 figncrbli
1806 4468 1866 4546 25.

428 4556 573 4632 tiniosi.
600 4558 734 4634 sueni.

1882 4750 1904 4826 4
