4448 5724
258 513 329 604 με
730 505 810 583 tn.
966 501 1027 580 ur.
1173 501 1265 578 Mn.
1401 500 1491 581 nrt.
1633 460 1636 465 ’
1755 611 1763 627 .

253 726 329 781 un.
368 704 426 779 M.
456 702 640 779 Antonius
663 701 870 776 Sabellicus.
904 700 960 776 M.
987 679 1157 773 Antonio
1184 701 1413 775 Mauroceno
1442 696 1567 790 Equiti
1596 693 1765 771 Salutem.
1814 694 1857 769 ir
1874 691 1965 789 fine:

257 806 314 879 M.
342 806 453 877 eluto.
477 804 639 875 Sabellici
667 804 703 874 in
729 801 917 889 Pomponii
943 799 1040 870 Laeti
1063 799 1214 872 Obitum
1236 799 1272 871 T
1275 797 1515 874 errastichon:
1544 795 1752 869 Extinctum
1776 794 1969 884 imperium

259 903 369 975 siebat
387 941 434 955 -
460 902 573 975 Nunc
604 903 683 991 quia
710 896 869 972 decelsrt:
897 898 1041 990 Superis
1067 896 1289 992 Pomponius
1313 899 1387 973 oris
1410 896 1495 974 Heu
1510 895 1644 970 dolor:
1680 889 1843 968 amilium
1868 892 1973 965 flebit

248 1012 299 1076 'et
320 1001 516 1093 eloquium.
559 1002 656 1073 clar.
683 1020 763 1071 rom.
812 1014 847 1083 4.

429 1096 568 1160 collectio
587 1091 699 1177 nostra.

353 1224 440 1307 703.
458 1215 492 1288 b.
526 1210 799 1286 Resolutorium
833 1210 1029 1284 dubiorum
1057 1209 1153 1282 circa
1177 1209 1459 1285 celebrationem
1487 1207 1666 1283 miliarum
1696 1203 2028 1282 occurrentium-

257 1332 324 1407 per
353 1313 596 1386 venerabilem
623 1329 761 1402 patrem
792 1309 878 1383 dnm
908 1309 1139 1403 Jonaursunr
1164 1328 1217 1378 us
1240 1329 1391 1382 narina
1424 1311 1574 1380 doctorem
1605 1305 1790 1399 Tuealogum
1815 1301 2028 1398 ponfica—

249 1411 320 1509 sem
353 1413 471 1484 ordinis
500 1407 715 1501 eanbufienfis
748 1430 793 1481 ex
824 1406 1004 1481 sacrorum
1027 1426 1209 1480 canonum
1233 1410 1542 1498 probatorumque
1568 1406 1763 1481 doctorum
1787 1401 2019 1475 sententii=

259 1509 449 1599 diligenter
472 1509 678 1580 collectum.
717 1504 862 1580 Summa
891 1507 1083 1579 dubiorum
1111 1509 1147 1577 in
1171 1505 1244 1578 hoc
1265 1526 1375 1598 opere
1395 1508 1649 1583 resolutorum.
1672 1500 1843 1576 CLXVI:
1878 1499 1990 1572 Haec

257 1611 293 1678 in
308 1603 428 1695 fronte.
477 1607 518 1677 le
534 1604 624 1698 fine:
652 1602 872 1678 Resolutorii
894 1605 1090 1679 dubiorum
1105 1607 1199 1678 circa
1213 1606 1492 1681 celebrationem
1507 1602 1685 1680 miliarum
1699 1601 1986 1679 accurrentium

260 1701 355 1779 finis.
392 1706 474 1777 Cum
491 1703 575 1796 fign.
602 1706 657 1775 lin.
681 1721 735 1797 31.
755 1700 828 1794 fosi
850 1718 907 1791 44
957 1712 993 1784 8.
1273 1731 1278 1739 ·
1589 1715 1596 1727 '

425 1809 574 1879 debitori.
595 1810 692 1892 joseb.

355 1949 440 2022 741·
459 1934 493 2006 b.
532 1933 718 2007 Lueranr
737 1951 986 2008 curtosorur
1012 1951 1205 2008 eruentus
1232 1930 1278 2006 de
1303 1932 1452 2007 Virtute
1479 1936 1739 2026 conquirente:
1763 1933 1898 2026 inquo
1924 1933 1976 2010 in·

260 2029 504 2106 troducuntur
533 2032 740 2107 Mercurius
765 2036 900 2107 accitus
923 2053 942 2103 a
968 2033 1114 2106 Virtute
1137 2049 1263 2124 petens
1290 2034 1374 2123 quid
1399 2031 1470 2123 ipsa
1494 2035 1603 2106 velit:
1630 2034 1741 2106 etilla
1759 2032 1898 2106 factum
1915 2055 1979 2107 ex·

262 2132 369 2219 ponit
389 2129 511 2205 suum:
538 2131 724 2204 traductus
753 2152 772 2204 a
795 2131 938 2203 Graeco
960 2131 997 2203 in
1020 2133 1190 2205 Latinum
1215 2133 1361 2204 noviter
1388 2152 1453 2221 per
1476 2130 1647 2204 carolum
1668 2133 1874 2205 Aretinum.
1900 2133 1980 2206 Ac·

262 2228 360 2301 cedit
388 2231 547 2301 eiusdem
573 2229 734 2324 dialogus
756 2229 800 2301 de
824 2228 976 2301 sunerali
998 2249 1130 2321 pompa
1150 2249 1215 2322 per
1244 2232 1434 2306 Rinutium
1463 2229 1658 2303 traductus.
1704 2232 1798 2305 Char.
1817 2251 1899 2302 rom.
1926 2236 1982 2306 eti·

263 2325 320 2401 tiri.
335 2323 408 2419 fine
424 2326 510 2421 figet
536 2326 612 2419 cust.
639 2331 667 2399 e't
686 2341 784 2421 pagg.
810 2349 899 2401 num.
917 2322 989 2416 soll.
1009 2333 1046 2402 6.
1096 2347 1133 2415 4.

295 2448 301 2459 “
431 2437 574 2513 Biblini.
598 2441 733 2508 Scituri.

360 2564 441 2648 761.
483 2562 816 2635 lisanornncuus.
861 2556 1027 2632 Praecedit
1062 2552 1351 2648 Telmessias.
1400 2556 1442 2632 Iar
1457 2554 1546 2651 fine:
1581 2558 1690 2634 Liber
1714 2561 1981 2654 expolitiorius

262 2656 377 2728 totius
399 2658 522 2732 Biblie.
554 2681 595 2731 ac
615 2661 766 2732 aliorum
786 2677 855 2748 que
878 2659 915 2729 iu
944 2654 1090 2729 ecclelia
1124 2658 1332 2730 recitantur.
1363 2659 1423 2745 qui
1454 2677 1747 2736 mammotrectus
1772 2665 1986 2755 appellatur

244 2751 418 2831 'feliciter
446 2758 606 2848 explicit.
636 2760 732 2832 Char.
751 2761 833 2849 goii.
859 2758 912 2827 col.
934 2773 966 2832 2·
989 2758 1046 2828 lin.
1071 2759 1127 2844 46.
1140 2754 1203 2844 jot.
1227 2777 1316 2827 num.
1336 2775 1414 2825 rom.
1447 2755 1528 2827 1-
1549 2754 1659 2833 CLV.
1691 2756 1753 2850 sol.

430 2861 511 2932 Bibs.
533 2863 627 2951 JoJcb.

360 2988 443 3072 768.
462 2988 495 3059 b.
527 2986 587 3081 Jo.
613 3002 760 3079 Jacour
785 3004 838 3058 nu
863 3003 1039 3059 manans
1066 2984 1111 3057 de
1134 2981 1275 3069 Boscbo
1296 2981 1402 3075 super
1431 2983 1689 3076 descriptiones
1712 2969 1921 3062 antidotarii
1944 3006 1989 3068 et

264 3086 422 3170 practice
441 3084 497 3175 Jo.
524 3083 652 3158 Mesue
674 3103 711 3158 ct
733 3085 885 3156 aliorum
914 3084 1185 3175 interpretatio,
1212 3082 1307 3154 dicta
1332 3082 1524 3157 Luminare
1542 3087 1657 3160 maius
1681 3087 1866 3163 etlumen
1893 3110 1988 3187 apo·

265 3177 511 3257 thecariorum
537 3183 678 3280 Quirici
700 3183 745 3254 de
764 3179 939 3274 Augustis
965 3183 1010 3253 de
1036 3180 1238 3256 Tenbona.
1268 3176 1331 3270 fel.
1879 3200 1885 3207 “

432 3287 498 3353 led.
521 3289 589 3352 lter.
616 3308 677 3353 rar.
707 3291 741 3354 P.
765 3289 790 3351 1.
811 3306 845 3373 p.
871 3300 918 3366 78.
942 3308 971 3350 n.
996 3308 1064 3363 7¹0·

115 3492 118 3497 ,
361 3415 444 3497 798.
479 3410 712 3483 Pomponius
741 3429 865 3480 nune.
910 3407 1002 3479 Haec
1024 3403 1180 3497 instante
1195 3405 1258 3499 fol
1282 3423 1311 3480 t.
1336 3431 1366 3479 a.
1394 3406 1463 3482 Fal.
1483 3410 1545 3480 end.
1566 3411 1596 3485 b.
1624 3410 1806 3486 Hermolai
1829 3413 1987 3495 Barbari

263 3505 301 3579 in
323 3504 565 3598 Pomponium
589 3509 724 3581 Melatn
745 3507 788 3579 ad
807 3505 1054 3580 Alexandrum
1074 3503 1212 3578 sextum
1226 3503 1438 3596 pontificem
1456 3509 1675 3584 Maximum:
1702 3512 1894 3588 Praefatio.
1936 3518 1987 3592 In

191 3721 194 3727 ι
251 3599 344 3693 fine:
368 3603 993 3785 Ponglpbrlsngichlllirellae'Cosmographi
1012 3602 1113 3676 Libri
1139 3602 1258 3677 Tertii
1285 3620 1323 3676 et
1344 3606 1483 3679 Ultimi.
1508 3604 1629 3741 Finis..
1668 3629 1706 3698 4.

364 3849 446 3919 800.
466 3842 502 3915 b.
538 3840 856 3912 Vocnuunanrus
891 3834 1167 3931 predicantium.
1209 3834 1302 3907 Haec
1323 3834 1481 3925 infreme
1502 3834 1562 3929 fol.
1588 3855 1617 3911 t.
1633 3861 1664 3911 a.
1691 3836 1760 3912 Fal.
1779 3840 1805 3910 l.
1829 3861 1862 3910 e.
1890 3837 1987 3916 Pro·

118 3977 125 3985 -
266 3933 380 4026 lngus.
416 3936 547 4028 ln'cipit
577 3941 785 4029 veriloquus
817 3937 911 4008 idem
938 3938 1163 4020 *vocabulum
1192 3934 1430 4009 diversimode
1457 3954 1644 4029 acceptum
1670 3941 1770 4011 varie
1789 3936 1985 4015 theutoni-

266 4028 375 4104 sando
404 4040 606 4128 exprimens
653 4035 937 4128 predicatoribus
962 4032 1180 4105 consolabile
1202 4034 1416 4126 enavigium.
1451 4033 1675 4127 Compilatus
1703 4057 1768 4127 per
1787 4039 1987 4113 venerabi·

266 4129 338 4202 lem
366 4151 477 4225 mgrm
503 4133 732 4228 Jouauunru
761 4152 923 4206 neuneu
962 4130 1006 4204 de
1031 4129 1313 4204 Geroltzhoffen
1339 4132 1426 4226 (fir)
1451 4153 1496 4206 ex
1526 4135 1752 4209 sermonibus
1780 4134 1910 4208 auditis
1940 4152 1987 4214 et

264 4246 332 4318 per
360 4232 515 4305 eundem
555 4230 767 4325 conscriptis
795 4229 859 4304 sub
886 4229 1102 4301 venerando
1130 4231 1210 4299 viro
1241 4228 1407 4325 magistro
1442 4230 1587 4324 Jodoco
1615 4233 1785 4324 eychmin
1817 4231 1905 4330 (fic)
1929 4237 1986 4309 de

267 4322 382 4430 isaim.
406 4332 537 4403 eximio
568 4332 740 4406 doctore:
776 4348 817 4401 ec
845 4325 1071 4401 famouliimo
1094 4328 1196 4399 verbi
1226 4327 1283 4402 dei
1311 4329 1536 4420 predicatore
1567 4333 1604 4403 in
1633 4330 1884 4427 Heidelberga.
1934 4332 1986 4411 let

256 4421 327 4516 jane
344 4421 408 4517 sol.
431 4445 521 4512 171:
547 4426 705 4520 Explicit
726 4426 981 4504 vocabularius
1006 4427 1218 4521 veriloquus
1246 4441 1316 4503 etc.
1346 4432 1447 4507 Char.
1463 4430 1550 4524 gerb.
1575 4428 1740 4526 cumfigrt
1790 4448 1830 4518 4.
2008 4456 2013 4463 ·

433 4530 514 4606 diii.
535 4533 632 4620 Jesrb.

1840 4661 1985 4756 inab.

1016 4798 1033 4839 Ι
