4448 5724
755 492 758 496 ·
876 488 1179 584 conoman-
1798 532 1876 615 na
1986 571 1995 577 .

263 699 340 785 159.
365 684 402 763 b.
437 688 697 784 Reparationes
719 693 919 770 lectionum
939 713 980 789 et
999 695 1259 781 exercitiorum
1281 671 1502 773 tractatuum
1524 719 1720 794 parvorum
1744 706 1880 803 lo'gica·

34 786 37 790 ’
159 793 247 867 lium
272 790 401 864 Perat
427 812 595 864 ursrnrrr
614 831 663 848 -
688 795 841 868 feliciter
863 795 1061 888 incipiente
1095 799 1256 875 Libellus
1284 800 1327 870 ad
1352 799 1538 881 lectorem.
1569 797 1715 891 Didima
1735 807 1782 879 Il.
1832 810 1876 885 In

150 889 242 985 finer
279 889 475 982 Repetitio
503 903 721 967 tractatuum
743 884 947 987 logicalium
970 896 1099 969 Perat
1128 916 1308 969 urentur.
1334 915 1462 988 per—
1487 898 1698 976 Arnoldum
1724 902 1876 1005 Tunge·
1919 962 1923 970 .

157 992 207 1064 ris
230 991 397 1062 collecte.
433 987 506 1059 Nec
528 997 647 1062 nonin
666 990 786 1084 olicino
806 992 1000 1085 banniarum
1022 997 1190 1066 liberorum
1215 992 1381 1090 Quentei,
1407 996 1511 1092 saara
1528 996 1723 1095 impraffiria
1745 1019 1814 1078 arte
1828 1010 1873 1081 rin
1988 1023 1989 1026 ’

112 1169 115 1173 ,
156 1093 257 1160 lucem
279 1110 363 1160 nnnc
385 1087 476 1159 edita.
501 1086 601 1158 Anno
612 1086 690 1184 saep,
716 1089 873 1186 millefimo
897 1091 1244 1189 quingentefimioctavo
1257 1089 1360 1186 finem
1372 1090 1514 1186 feliciter·
1533 1099 1656 1175 balent.
1682 1099 1738 1175 De
1757 1125 1873 1200 qua...

156 1190 259 1282 gloria
284 1191 320 1259 in
336 1183 455 1279 secula.
483 1181 570 1260 rint.
618 1200 653 1274 4
1647 1215 1648 1218 ,

324 1295 496 1362 steron.
523 1296 606 1379 eps.

256 1419 334 1491 162.
355 1417 390 1488 b.
424 1414 658 1515 Hunnorum
684 1436 951 1492 ronueurrrrr
981 1419 1077 1495 inter
1107 1420 1369 1508 Grammaticos
1403 1421 1527 1498 nostre
1551 1420 1772 1517 tempestatis
1798 1423 1870 1500 viri

151 1512 387 1589 litteratiiiimi
421 1518 677 1590 commentaria
708 1517 947 1608 pulcherrima
983 1520 1021 1592 in
1055 1523 1204 1614 primam
1240 1541 1379 1614 partem
1413 1523 1637 1597 Doctrinalis
1666 1523 1868 1606 Alexandri

152 1634 236 1687 cum
265 1611 516 1689 accuratissima
543 1611 808 1710 vocabulorum
831 1618 1140 1710 interpretatione.
1165 1620 1248 1693 sunt
1269 1637 1390 1693 autem
1415 1622 1483 1694 hec
1515 1625 1773 1697 commentaria
1797 1640 1869 1696 ter·

152 1714 207 1787 tio
235 1711 399 1807 castigata
421 1712 610 1805 diligenter
633 1717 676 1787 ab
699 1713 776 1805 ipso
804 1729 934 1787 autore
956 1735 1043 1791 reco
1093 1720 1152 1792 ita.
1207 1717 1246 1791 [n
1260 1714 1347 1810 fine:
1372 1715 1524 1816 Impreffir
1549 1725 1664 1791 colonie
1682 1733 1744 1813 per
1768 1720 1869 1794 Mar·

152 1817 256 1883 tinum
280 1811 315 1882 de
347 1810 506 1883 Werdena
521 1826 619 1906 prope
640 1813 766 1883 domum
793 1814 987 1909 consulatus:
1013 1820 1028 1886 i
1066 1813 1322 1907 maoBurgenfi
1343 1815 1418 1909 (nel
1439 1817 1488 1890 die
1509 1816 1756 1912 Burgerstraes)
1784 1841 1868 1893 eom·

151 1921 340 1988 morantem.
364 1906 467 1981 Anno
489 1911 544 1981 dni
568 1908 738 2004 Milleſsnto
761 1907 1014 2008 eringentestmr
1043 1914 1166 1986 Octava
1187 1913 1230 1987 In
1247 1917 1360 2006 vigilia
1378 1913 1488 2009 senen
1515 1912 1629 1987 Tirone
1646 1916 1782 2011 apostoli.
1830 1934 1868 2006 4.

320 2015 465 2082 eratne.
491 2013 588 2097 roae.

252 2141 333 2211 162.
357 2157 407 2233 c„
428 2136 621 2211 Sermones
647 2135 785 2210 Rosarii
809 2135 953 2228 Populo
976 2139 1213 2230 predicabiles
1241 2139 1360 2214 eximii
1382 2138 1478 2213 sacre
1501 2143 1630 2236 pagine
1651 2139 1868 2234 professoris

150 2234 241 2329 nigri
265 2235 504 2309 cernrnrrs
540 2255 679 2308 tosow
709 2236 1115 2333 ordinisrl'redicotrrum:
1156 2260 1196 2309 ac
1218 2241 1350 2310 heretice
1373 2246 1550 2333 pravitatis
1573 2238 1764 2336 inquifitaris
1791 2242 1864 2315 diii·
1903 2278 1906 2283 ⁴

148 2331 324 2429 gantiffimi.
358 2334 469 2425 Imago
491 2334 655 2420 Annam,
692 2331 810 2428 Jesnm
835 2331 1040 2407 tt‘Mariam
1068 2337 1219 2409 exbibens.
1269 2335 1311 2406 ln
1328 2333 1417 2428 fine:
1448 2333 1638 2432 Imprrffnm
1663 2339 1787 2411 Ceionio
1801 2352 1865 2431 par

30 2464 35 2470 ·
152 2428 340 2502 Martinam
363 2432 398 2502 de
428 2431 610 2503 Werdanaa
638 2444 703 2525 ppo
722 2432 846 2501 menum
876 2433 1069 2526 Consulatus
1090 2439 1131 2506 in
1148 2439 1220 2507 uico
1242 2432 1401 2527 Burgenst
1427 2435 1519 2528 (velt
1544 2437 1593 2510 die
1613 2432 1866 2538 Burgerstrats)

79 2574 83 2579 -
150 2543 393 2600 tornmorantrm
411 2525 513 2600 Arana
535 2530 653 2602 domini
675 2526 732 2604 M.
743 2531 896 2606 CCCCC.
913 2529 1013 2604 Vnt
1067 2535 1105 2612 8.

160 2644 162 2649 ⁴
313 2634 457 2700 euriae.
482 2632 682 2701 Rotirenbucb.

108 2841 116 2847 ,
248 2758 325 2845 165.
353 2758 385 2828 b.
410 2756 571 2831 Libellus
590 2757 634 2829 de
663 2754 805 2830 iudaica
826 2728 1051 2831 confeffione
1070 2749 1149 2829 srv'e
1170 2753 1352 2829 Sabbatho
1375 2754 1588 2832 afflictionis.
1619 2777 1685 2852 per
1704 2758 1863 2858 Jorrntte
1905 2823 1907 2827 Α

26 2916 56 2960 l.
149 2872 237 2927 urm
266 2876 526 2929 rerruuroau
552 2897 601 2912 -
628 2856 763 2929 factum
794 2876 838 2927 ex
864 2857 983 2932 ludeo!
998 2854 1228 2929 christianum
1255 2874 1372 2944 nuper
1402 2855 1534 2930 editus.
1585 2855 1627 2927 ln
1644 2854 1734 2949 fine:
1772 2861 1860 2935 Hoc

28 2994 36 3001 -
149 2974 242 3044 opus
263 2956 396 3026 editum
424 2977 443 3025 a
466 2955 633 3047 Johanne
653 2951 864 3044 pefferlr'orn
887 2956 974 3026 olim
999 2955 1096 3027 iudei
1118 2954 1216 3025 nunc
1239 2948 1431 3026 christiini.
1470 2951 1517 3024 Et
1535 2948 1715 3049 impreffu'm
1730 2972 1791 3052 par
1808 2974 1861 3033 me

152 3049 332 3148 Jairannrm
361 3053 502 3123 Landen.
525 3059 624 3123 ciuem
641 3049 747 3140 felitis
767 3056 907 3122 deitatis
922 3057 1027 3125 Calan.
1045 3057 1080 3123 in
1097 3053 1203 3143 platea
1222 3054 1267 3121 sci
1292 3050 1443 3122 Gereonis
1466 3053 1501 3121 in
1523 3051 1610 3120 darno
1618 3050 1790 3140 ferebatis
1805 3074 1860 3127 ονε
1975 3055 1982 3073 “

147 3155 228 3222 tium
253 3153 350 3222 raim
366 3163 464 3245 porta
486 3156 658 3226 nonnnato.
682 3169 804 3219 moram
824 3164 982 3241 gerentem
997 3147 1137 3240 feliciter
1157 3149 1292 3241 explicit.
1313 3145 1414 3222 Anno
1433 3147 1499 3222 dni.
1523 3145 1742 3228 M-CCCCC.
1755 3151 1858 3231 Vtri.

148 3271 177 3324 t·
196 3245 279 3342 figg.
307 3253 382 3340 lign.
408 3246 521 3342 iruifir.
571 3263 608 3335 4.
1370 3308 1373 3314 .
1461 3296 1489 3345 ι
1908 3262 1911 3267 ·

18 3388 25 3394 ·
206 3389 216 3405 ·-
318 3354 398 3420 batt.
423 3360 494 3441 Reg.
515 3358 584 3422 Soc.
612 3350 742 3418 Londirt·
788 3423 812 3434 v,
964 3426 970 3446 a
1184 3401 1186 3404 a
1232 3392 1235 3396 ⁴
1280 3386 1283 3392 ·
1772 3414 1776 3423 ,

249 3476 328 3553 166.
370 3477 668 3550 Drnecronrun
695 3471 1044 3565 Concubinariorurn
1069 3469 1364 3562 saluberrimum,
1393 3488 1467 3562 quo
1502 3467 1656 3563 quedam
1684 3469 1860 3565 stupendi

98 3576 107 3585 '
149 3589 187 3650 et
211 3576 262 3649 ob
281 3577 373 3650 tanti
396 3573 541 3669 ¹sceleris
567 3583 751 3667 impunem
778 3575 1001 3645 tolerantiam
1034 3570 1130 3664 quast
1165 3571 1320 3644 inaudita
1342 3569 1507 3662 pericula
1531 3589 1610 3642 non
1637 3590 1682 3641 ex
1711 3576 1859 3663 propria

44 3732 51 3739 .
149 3677 335 3768 pharetra,
374 3672 431 3745 sed
462 3671 737 3748 auctoritatibus
763 3685 800 3743 et
826 3672 1027 3743 rationibus
1054 3670 1352 3763 irrefragabilibus
1384 3687 1488 3758 quarn
1513 3666 1722 3758 apertiilirne
1747 3673 1859 3743 retol-

43 3816 46 3820 >
147 3794 307 3864 ventur,
333 3771 463 3845 nedum
489 3762 734 3845 sacerdotibus
755 3762 890 3842 et'aliis
912 3768 1071 3854 clericis,
1096 3770 1287 3842 autetiam
1312 3767 1409 3839 laicis
1433 3766 1503 3837 hoc
1523 3767 1656 3837 crimen
1689 3786 1735 3839 ex
1754 3770 1859 3861 igno·
1909 3798 1912 3803 ⁴

146 3874 262 3946 rentia
288 3873 349 3942 vel
371 3867 633 3942 consuetudine
655 3868 841 3958 peccandi,
866 3883 934 3939 aut.
950 3864 1069 3959 saitem
1086 3868 1181 3958 turpi
1202 3884 1325 3938 amore
1349 3864 1499 3954 pollutis
1520 3861 1762 3935 neeeilarinm.
1783 3866 1856 3943 Sed

150 3989 189 4045 et
213 3973 312 4044 omni
341 3970 479 4061 populo
504 3961 768 4039 concubinariis
792 3968 948 4037 notoriis
976 3987 1086 4058 opera
1113 3984 1151 4038 et
1173 3965 1308 4036 auxilio
1336 3961 1561 4033 subvenienti
1585 3982 1755 4052 perquam
1784 3965 1856 4038 uti*

150 4067 320 4143 liffimum.
348 4072 396 4139 ob
422 4064 583 4138 infinitos
604 4068 773 4156 laqueos,
796 4065 922 4153 quibus
947 4082 1016 4141 tam
1042 4062 1125 4156 ipsr,
1153 4083 1257 4154 quarn
1280 4062 1469 4134 indoctum
1484 4062 1639 4149 vulgus,
1664 4061 1732 4131 illis
1752 4064 1856 4136 mini·

148 4166 287 4243 stranto
302 4167 523 4253 irretiuntur.
539 4162 762 4237 'therentius
777 4164 844 4235 dte.
892 4161 933 4232 In
949 4162 1035 4253 fine:
1062 4158 1245 4259 Impreffiun
1268 4160 1309 4249 rii
1327 4161 1381 4230 boc
1398 4162 1598 4229 directorium
1617 4161 1854 4252 comumnario·

152 4288 228 4338 rum
238 4271 390 4361 primitur
403 4263 583 4356 Agrippina
596 4263 692 4333 Anno
709 4261 776 4354 poli
791 4263 971 4349 virgineam
991 4275 1125 4355 partum
1155 4257 1258 4335 ml).
1266 4257 1363 4330 VIII.
1393 4258 1577 4352 Sequuntur
1594 4252 1725 4328 statuta
1741 4278 1854 4348 quae·

148 4365 230 4438 darn
254 4382 381 4436 contra
396 4361 596 4433 sacerdotes
621 4356 901 4433 concubinarios
923 4378 969 4434 ex
992 4360 1087 4438 libro
1103 4355 1318 4449 statutorum
1333 4354 1615 4454 provincialium
1638 4373 1680 4430 ac
1700 4351 1857 4450 synoda·

140 4465 236 4551 liunt
262 4460 430 4536 ecclesiae
452 4459 677 4534 Coloniensrs
697 4460 925 4552 transumpta.
963 4477 1024 4558 ἱ4.·

206 4610 210 4617 -
319 4570 438 4639 Wetleti
454 4575 540 4641 atres
558 4579 617 4644 etr.
631 4569 656 4639 1.
669 4586 705 4657 p.
721 4582 792 4653 399.
1734 4679 1853 4750 Mum
