4448 5724
255 532 330 621 3-
396 508 467 596 ςςο
739 530 789 619 ·.
1004 423 1513 641 ⁸ironriruiniciur„
1604 572 1614 587 ,

399 712 517 895 ἓειιέἒοδ
519 706 658 896 3532.
643 696 775 789 accidit
789 696 968 791 expolitio
982 648 1162 795 Joarrrrsr
1178 717 1395 777 acuuntur.
1446 671 1680 800 simone
1686 716 1749 799 per
1764 699 1963 779 fridericus
1980 703 2111 802 Peypus

565 887 712 958 Bibliorb.
733 893 888 977 Meining.

928 1010 1090 1124 sinn
1140 1047 1583 1131 nors-Anni.

473 1200 585 1277 342.
606 1181 640 1255 b.
679 1182 869 1258 Purrirrr
894 1206 1106 1261 seronior
1138 1184 1182 1259 de
1215 1186 1274 1259 die
1308 1189 1510 1264 dominicae
1542 1182 1708 1280 passionis
1739 1156 1905 1262 carmen.
1960 1185 2003 1263 ln
2022 1184 2113 1281 finti

403 1278 727 1454 Imprarffug'bg?
739 1283 1003 1470 Islfscrzremlergae
1014 1300 1073 1382 per
1095 1280 1295 1357 Friderr'cum
1315 1287 1453 1383 Peypus.
1502 1306 1538 1374 4.

501 1522 582 1598 342.
603 1528 635 1581 c.
669 1509 728 1582 Ad
754 1511 930 1586 Lectorem.
962 1511 1138 1605 Dialogus
1158 1510 1311 1585 festivus
1339 1512 1376 1587 in
1401 1534 1478 1606 quo
1503 1508 1712 1585 medicaster
1740 1508 1882 1602 quidam
1904 1529 1927 1582 a
1954 1506 2116 1581 Philoso-

405 1601 481 1694 pho
505 1607 550 1677 de
576 1608 667 1680 mala
691 1610 858 1683 medendi
885 1611 1025 1701 ratiope
1051 1626 1172 1684 coram
1202 1609 1371 1684 Praetore
1394 1611 1616 1704 postulatur,
1656 1609 1985 1701 multiplicibusque
2014 1629 2116 1679 erro·

404 1703 504 1774 ribus
528 1709 774 1781 convincitur.
813 1707 918 1782 Licet
938 1706 1154 1803 Medicaster
1176 1704 1247 1781 sese
1272 1730 1339 1801 pro
1364 1713 1501 1784 viribus
1531 1724 1660 1802 purget
1686 1706 1901 1799 obiectaque
1926 1724 2116 1798 utcunque

399 1800 565 1892 lefellat',
592 1805 824 1880 nihilominus
846 1809 1004 1899 ipseper
1025 1805 1232 1903 Praetorem
1255 1828 1300 1879 ex
1320 1806 1491 1902 suffragiis
1517 1812 1679 1883 omnium
1700 1808 1860 1879 tribuum
1882 1824 1965 1877 reus
1988 1808 2116 1878 mortis

405 1905 693 1994 pronunciatur,
734 1925 842 1996 quem
869 1905 893 1978 fi
920 1907 1049 1998 legeris
1078 1925 1159 1979 uon
1185 1908 1322 1996 poteris
1348 1908 1575 1986 nonfavere
1600 1907 1742 1994 autori,
1780 1904 1843 1997 qui
1876 1899 2011 1995 pestem
2030 1920 2118 1976 tam

404 1992 568 2090 saevam,
611 2018 756 2093 tamque
788 2004 1022 2095 perniciosam
1054 2002 1223 2076 emedio
1254 2003 1483 2086 sustutelerit.
1532 2006 1625 2077 Vale
1656 2006 1773 2075 lector
1794 2020 1832 2074 et
1860 2003 1928 2082 alia
1953 2019 2116 2095 expecta.

409 2094 578 2170 Praecedit
598 2101 731 2174 Aebutii
751 2105 928 2175 Morboclrii
951 2101 1071 2176 Medic.
1096 2101 1267 2177 Candidati
1278 2100 1385 2197 praef.
1411 2102 1535 2198 Insigne
1556 2103 1712 2176 Friders'ci
1733 2100 1874 2201 Peypus.
1923 2115 1960 2185 4.

574 2209 718 2275 Biblini.
741 2208 871 2276 Scheurs.

451 2307 460 2329 ⁸
504 2346 588 2421 342.
606 2331 640 2406 d.
667 2331 726 2404 De
750 2331 938 2403 Theriacis
961 2346 999 2404 et
1016 2328 1260 2405 Mithridateis
1281 2326 1621 2414 commentariolus.
1649 2327 1741 2404 Item
1756 2327 1801 2402 nd
1821 2316 2122 2421 Pamphylianum

387 2423 456 2527 ‚de
484 2428 663 2502 Theriaca
684 2431 827 2503 libellus
851 2429 1030 2504 Granni.
1056 2427 1197 2502 Galene
1222 2429 1479 2502 Andromachi.
1504 2427 1685 2502 'sheriaca
1705 2429 1934 2502 Aurrocnr.
1959 2426 2121 2499 Antido-

410 2537 469 2598 tus
496 2527 704 2601 Purnosrs.
744 2523 901 2620 Conversa
925 2533 960 2599 in
984 2527 1142 2600 Larinum
1167 2550 1189 2599 a
1216 2524 1386 2624 Joaclimo
1410 2530 1595 2603 Gomoario
1603 2576 1617 2612 ,
1653 2526 1799 2599 adiectis
1828 2542 1866 2597 et
1895 2522 1950 2597 his
1978 2539 2017 2598 et
2040 2523 2118 2596 aliis

412 2624 997 2788 quibusdagbffleggezlrilligentia
1019 2642 1145 2718 magna
1165 2624 1376 2700 emendatis.
1416 2625 1756 2747 Nirimiergaeopud
1771 2622 1834 2721 Jo.
1852 2620 2030 2695 Petreium.
2084 2631 2118 2701 8.

406 2821 417 2840 ’
510 2859 592 2935 342.
613 2864 644 2916 e.
671 2844 752 2916 Ars
782 2859 992 2914 nostrum
1015 2859 1060 2912 ex
1082 2838 1203 2912 Variis
1226 2812 1415 2914 sententiis
1437 2806 1593 2913 collecta
1611 2859 1697 2911 cum
1722 2834 1863 2934 Figuris
1890 2837 1934 2910 ad
1958 2834 2122 2909 resisten-

411 2934 499 3012 dum
520 2944 557 3013 in
577 2943 705 3015 mortis
729 2960 843 3035 agone
867 2939 1045 3013 diabolice
1064 2933 1275 3032 suggestioni
1295 2941 1421 3015 valens
1437 2939 1589 3012 cuilibet
1602 2935 1833 3012 Chnstifideii
1855 2938 1951 3010 utilis
1973 2955 2020 3007 ae
2030 2937 2122 3009 mul·

412 3052 491 3110 tum
513 3039 713 3112 necessaria.
742 3040 817 3111 scon
838 3041 1008 3111 morientis.
1034 3033 1127 3108 Haec
1146 3041 1182 3108 in
1196 3031 1307 3127 fronte
1318 3034 1380 3127 fol.
1409 3056 1438 3110 r.
1463 3058 1495 3110 a.
1546 3037 1587 3108 In
1605 3034 1695 3129 fine:
1717 3032 1903 3133 lmpreffum
1934 3033 2124 3107 Nurmder·

411 3154 449 3250 ξε
470 3150 502 3228 p.
519 3143 585 3253 ζἐηΙ
619 3141 703 3231 darn.
722 3132 781 3233 Jo.
801 3136 860 3215 W.
890 3135 1052 3210 Presiran
1077 3131 1269 3231 (Joarinen
1279 3129 1543 3232 Weyffmburger
1560 3134 1809 3232 Presbyterum)
1833 3158 1906 3208 cum
1916 3131 2022 3208 XIII.
2039 3129 2121 3228 digg.

412 3235 496 3327 m
519 3232 1733 3492 ‘'¹‘'s0'3'l‘5ss.iiinili.spreuissieessii..ii
1753 3339 1789 3412 t
1808 3333 1880 3406 ⁴⁸¹·
1902 3343 1933 3386 ··

513 3530 635 3624 geel.
662 3529 935 3602 Penitentiarius
961 3523 1119 3619 Magistri
1141 3525 1317 3620 Josnrrra
1346 3546 1605 3611 conuincti,
1634 3525 1807 3616 Paraiini,
1831 3524 1871 3597 in
1895 3538 1969 3597 tres
1987 3526 2122 3615 parteis

415 3620 505 3799 με)
533 3631 813 3720 contritionem,
847 3623 1127 3715 confeffionem,
1169 3642 1206 3696 et
1233 3626 1508 3699 satisfactionem
1546 3624 1738 3710 discretus,
1779 3624 1974 3717 multiiugis
2004 3621 2123 3696 sacrae

430 3728 631 3817 criptum,
654 3745 691 3800 et
713 3727 905 3815 doctorum
936 3721 1104 3795 ecclesiae
1131 3719 1315 3798 sententiis
1343 3741 1531 3816 utcunque
1555 3724 1747 3814 desumptis
1767 3721 1957 3812 redolens,
1989 3725 2125 3812 cuique

416 3847 539 3898 veram
576 3845 617 3897 ac
643 3825 835 3916 plenariam
864 3822 1123 3914 poenitentiam
1141 3841 1247 3915 agere
1272 3820 1436 3916 gestienti
1466 3845 1543 3896 non
1568 3827 1686 3895 minus
1712 3822 1810 3894 utilis
1837 3839 1946 3910 quam
1965 3817 2123 3893 necessa·

416 3928 491 3998 rius
521 3923 699 4019 Fridxicus
725 3922 852 4017 Peypus
875 3920 1100 4012 Nurmliergae
1115 3919 1275 4017 Impreffli.
1306 3920 1398 3995 Haec
1417 3919 1583 4012 infreme.
1613 3919 1756 3992 Dicatur
1779 3917 1947 3990 Meiciiori
1966 3913 2124 4013 Pfiuziirg

415 4062 464 4082 -
493 4019 646 4114 Ecclefine
687 4022 870 4094 Seiaidinae
908 4019 1133 4115 Nurmdergae
1164 4017 1348 4116 praeposito.
1405 4015 1447 4095 ln
1471 4017 1559 4114 fine:
1595 4016 1695 4094 Finit
1729 4016 2033 4094 poenitentiarius
2070 4015 2124 4091 fe·

415 4122 545 4198 liciter.
596 4139 634 4205 4.
693 4153 698 4161 ·

585 4226 721 4292 collectio
742 4219 851 4310 cosdra.
