4448 5724
127 528 130 533 ’
245 538 320 605 tat
634 514 639 519 ’
958 524 1238 605 eonomine·
1352 536 1357 545 '

247 712 474 815 inpreffotiertr
493 719 649 793 liliorum
677 724 885 818 nrrltiplireri
900 729 938 797 in
957 730 1087 799 einum
1108 721 1268 824 rounimss
1286 737 1349 820 ptr
1366 722 1533 825 deforment
1549 735 1662 803 uirum
1681 725 1851 805 mutue
1872 729 1937 803 tier·

247 819 381 905 ieernrn
396 854 444 874 ·-
471 820 558 913 opud
573 843 667 915 quern
688 824 837 895 dmmodi
848 822 954 918 senno
970 828 1162 897 inomietur.
1193 829 1288 901 coar.
1310 829 1395 916 goti.
1410 820 1482 916 foll
1502 846 1555 901 ru
1580 831 1637 899 lin.
1657 828 1716 912 2'4.
1763 844 1805 915 4.

413 904 538 991 weit,
557 926 592 981 et
611 914 750 991 ridetur,
770 915 900 1002 diverso.
921 920 1020 983 Extat
1039 918 1096 984 ille
1116 922 1149 983 iu
1171 921 1342 985 collectione
1360 922 1450 987 Dru.
1471 916 1509 987 de
1529 916 1723 1006 nugerol.
1777 920 1790 949 ⁸

967 1038 1233 1105 mccccnxxm.
1669 1078 1672 1087 ·

347 1149 402 1223 17·
424 1133 459 1206 b.
495 1132 731 1229 (R1crreuo1
758 1155 811 1207 oe
836 1157 939 1210 eune
974 1134 1077 1235 Epist.
1104 1137 1333 1235 Dundnenfi)
1360 1139 1468 1214 Liber
1491 1142 1551 1232 qui
1573 1138 1704 1215 dicitur
1725 1136 1902 1233 philobibl

245 1227 323 1302 five
347 1230 394 1302 de
413 1253 536 1307 amore
557 1236 742 1307 librorum.
792 1234 834 1305 In
847 1232 934 1327 fine:
959 1233 1125 1327 Explicit.
1152 1236 1380 1329 plrilobiblon
1404 1236 1464 1317 sei.
1488 1238 1576 1332 (fic)
1597 1240 1688 1311 liber
1707 1238 1752 1313 de
1772 1258 1896 1312 amore
1916 1274 1937 1309 o

248 1328 409 1403 brorum.
445 1336 569 1407 Colonie
587 1338 633 1405 irn
655 1331 751 1429 reffirs
769 1328 852 1405 orno
871 1336 928 1404 dni
950 1334 1305 1413 mttccmn'alll.
1333 1341 1429 1412 Cirr.
1445 1342 1529 1431 grtl.
1543 1333 1616 1429 foll.
1634 1350 1692 1425 43.
1711 1338 1767 1409 lin.
1786 1339 1846 1412 26.
1895 1353 1932 1422 4

415 1426 452 1491 Ie
474 1427 595 1498 atero.
618 1349 683 1494 lgr.
704 1425 744 1491 de
766 1426 963 1512 lrleegerard.

964 1546 1235 1613 mcccctxttv.

343 1652 399 1732 ας.
434 1639 622 1717 Nrcoter
649 1663 702 1715 ue
728 1664 952 1719 renascere
985 1649 1086 1721 Siculi
1113 1645 1237 1721 Glolie
1270 1646 1507 1723 Clementiae.
1558 1646 1599 1719 ln
1615 1642 1704 1739 firn:
1744 1642 1936 1745 Expliciuu

246 1738 381 1834 gloll'ae
413 1741 450 1812 in
472 1743 707 1816 clementinae
730 1744 908 1817 collectae
930 1766 995 1837 per
1018 1744 1213 1819 Nicolaum
1236 1745 1384 1819 liculum
1408 1742 1663 1820 momatensem
1680 1742 1936 1915 ιὺὺιῑεωἬε

246 1836 322 1911 stea
343 1838 647 1933 archiepiscopum
666 1846 954 1935 panormitanum
972 1849 1007 1916 in
1031 1848 1140 1918 inclito
1161 1851 1289 1918 civitate
1304 1848 1460 1919 colonien.
1484 1860 1577 1940 opero
1594 1856 1689 1938 etque
1700 1845 1858 1938 lrpernr
1921 1864 1936 1915 e

244 1936 339 2031 gistri
367 1934 531 2032 Joloootr
552 1935 702 2033 Kotllroff
716 1942 752 2011 de
775 1940 902 2011 Ledroi
925 1947 1005 2015 riuis
1020 1941 1091 2035 fine
1110 1946 1207 2015 incole
1230 1948 1370 2015 nonnis
1398 1947 1546 2015 sunnon.
1578 1934 1727 2036 impreffit'
1747 1954 1842 2035 etque
1854 1936 1936 2035 Μ

248 2057 332 2107 anno
351 2036 488 2107 Domini
505 2032 663 2129 nillefimr
683 2038 981 2135 quadringentofirno
997 2037 1223 2137 septuagessnro
1255 2054 1370 2136 quarto
1383 2042 1448 2126 ,die
1463 2044 1554 2136 joon
1573 2054 1634 2127 27.
1665 2038 1819 2112 Octobris.
1859 2040 1936 2113 Ciu

245 2135 331 2226 goti.
349 2130 421 2224 soll.
450 2139 506 2227 83.
531 2131 593 2223 fol.

416 2230 452 2290 ln
474 2230 593 2292 cotlecr.
617 2229 681 2297 Dte.
700 2224 737 2292 de
759 2228 956 2314 Morgerord.

977 2350 1235 2420 mcccclxxv.

290 2462 294 2467 ’
349 2467 406 2547 33.
446 2448 617 2543 Sequitur
645 2449 899 2526 determinatio
925 2453 1178 2544 quodlibetalie
1202 2451 1273 2549 (de
1297 2450 1580 2529 fraternitatibus
1607 2450 1645 2525 in
1673 2450 1829 2544 generali
1851 2464 1935 2527 etc

249 2541 473 2625 fraternitate
491 2552 525 2621 b.
547 2551 705 2644 Virginis
730 2552 765 2622 in
791 2548 948 2649 speciali)
974 2549 1069 2643 sotto
1089 2557 1213 2627 colonie.
1250 2553 1291 2626 In
1304 2551 1399 2647 stolis
1422 2556 1557 2623 ortium.
1584 2550 1825 2639 Anno-domini
1845 2555 1935 2647 erik,

249 2666 302 2716 rno
328 2648 614 2743 erodrogentefimo
622 2646 972 2937 youngesnnoquinto.
996 2668 1053 2726 20.
1084 2652 1250 2724 deterioris
1280 2669 1344 2743 per
1378 2649 1525 2722 fratrem
1548 2647 1806 2721 lllrcrrneeen
1832 2668 1935 2723 rene

253 2760 355 2817 c1sct
390 2752 571 2840 Conventus
610 2746 649 2819 ln
664 2743 776 2838 ulenfis
805 2748 936 2821 Ordinis
960 2748 1192 2844 predicatorum
1212 2747 1306 2843 ſsnre
1329 2749 1473 2840 theologie
1488 2742 1688 2842 profefforern
1715 2759 1791 2817 tnnc
1813 2759 1935 2844 tenpus

247 2844 284 2913 in
309 2847 474 2917 Conuentn
494 2848 653 2918 colonione
671 2841 792 2939 prefati
810 2845 929 2918 ordinis
948 2861 1114 2939 regentem.
1147 2845 1240 2919 Haec
1261 2851 1297 2920 in
1311 2842 1422 2936 frorue
1431 2840 1493 2935 fol.
1515 2862 1545 2913 r.
1564 2865 1594 2915 o.
1623 2845 1772 2938 Sequitur
1792 2846 1935 2921 irremedi-

247 2950 298 3011 te:
331 2941 488 3018 Primum
509 2944 772 3034 quodliberunr.
812 2941 904 3018 Cum
926 2943 1035 3017 david
1056 2946 1154 3020 dicet
1176 2948 1355 3037 particeps
1377 2960 1445 3035 ego
1468 2938 1543 3014 sum
1565 2942 1729 3015 omnium
1751 2942 1923 3019 timentiu

248 3052 299 3112 te.
323 3039 422 3137 Quid
445 3040 585 3115 necelie
613 3039 683 3115 fuit
704 3040 749 3112 de
772 3041 875 3114 beate
897 3045 1043 3136 virginis
1072 3040 1204 3115 rosario
1227 3043 1487 3116 fraternitatem
1513 3037 1708 3113 instituere.
1748 3036 1815 3111 Fol.
1844 3056 1901 3115 ro.

249 3133 299 3208 Et
323 3140 369 3209 lic
390 3136 441 3211 est
464 3136 547 3213 linis
574 3139 680 3214 huius
703 3136 837 3211 roserii.
862 3137 930 3213 Fol.
957 3143 1019 3213 eod.
1042 3143 1070 3212 b.
1103 3139 1217 3232 Copia
1244 3140 1511 3233 approbationis
1537 3152 1574 3209 et
1601 3132 1935 3215 confirmationisa

252 3254 325 3325 que
352 3236 597 3311 concellarum
616 3235 921 3331 indulgentiarum
942 3260 1011 3331 pro
1036 3239 1260 3314 fraternitate
1284 3238 1389 3311 beate
1413 3237 1528 3309 Mario
1555 3234 1703 3328 virginis
1727 3234 1782 3305 de.
1806 3233 1935 3311 Rosari

250 3352 318 3427 por
333 3332 680 3411 Reverendilsrmum
692 3336 731 3409 in
747 3335 854 3409 cristo
869 3351 1006 3428 patrem
1026 3351 1064 3411 et
1087 3338 1198 3415 dnum
1215 3333 1476 3412 Alexandrum.
1499 3330 1728 3427 Episcopum.
1752 3329 1934 3412 Forlivier

249 3426 321 3506 sem
344 3432 464 3506 sarecto
487 3434 575 3509 sedis
592 3434 705 3526 aplice
727 3454 790 3527 per
805 3437 1018 3526 germaniam
1041 3437 1209 3529 legatum.
1261 3433 1410 3526 Dotoest
1430 3436 1504 3503 laec
1518 3433 1718 3528 approbatio:
1743 3434 1871 3506 Colonie
1887 3434 1934 3508 Ar

251 3552 292 3602 no
317 3536 545 3605 incorrutionis
569 3534 730 3607 dorninitt.
760 3530 918 3626 Milefimr
944 3530 1229 3628 qrradrugentefirno
1242 3527 1471 3627 septtrogefirno
1487 3530 1585 3626 serto.
1615 3526 1768 3601 inditione
1789 3532 1934 3605 uenae

242 3651 325 3816 jnero
355 3631 475 3702 decimo
499 3629 611 3726 mntfis
635 3635 794 3703 nrerrurii.
833 3630 857 3723 (
861 3629 1006 3704 Pertinet
1036 3650 1108 3725 ergo
1138 3632 1182 3705 od
1202 3650 1282 3705 onor.
1314 3627 1370 3705 M.
1380 3631 1504 3705 CCCC.
1516 3625 1714 3720 LXXVI.)
1758 3630 1855 3702 Char.
1878 3644 1934 3725 got

266 3729 314 3800 eil.
338 3744 394 3798 10.
446 3730 487 3803 ol.
1757 3762 1764 3775 ·

419 3723 556 3893 {dilectio
575 3816 686 3905 nostre.

969 3938 1241 4008 mcccetxmu.

324 4063 336 4085 1
353 4056 408 4130 39.
416 4038 450 4111 b.
477 4037 743 4113 Determinetio
760 4038 964 4115 abbreviata
979 4042 1023 4116 de
1044 4039 1197 4113 veritate
1215 4036 1445 4111 fraternitatis
1459 4033 1579 4108 roserii
1596 4034 1671 4109 sive
1685 4032 1839 4128 psalterii
1855 4036 1934 4113 beat

253 4136 373 4210 ilario
399 4139 547 4229 virginis
569 4137 787 4218 Conventus
818 4138 966 4215 fratrum
994 4140 1263 4232 predicatorum
1290 4136 1412 4207 colon.
1440 4134 1534 4208 facta
1551 4135 1592 4219 in
1613 4135 1705 4208 alma
1726 4132 1934 4210 univerfital

253 4236 375 4306 colon.
398 4252 564 4329 tempore
593 4236 906 4327 quodlibetorum:
947 4259 1012 4329 per
1034 4237 1182 4314 fratrem
1204 4236 1442 4306 dlrcneeurs
1468 4252 1521 4303 ort
1549 4251 1718 4306 rusutts.
1734 4232 1830 4328 sorore
1850 4237 1934 4307 theol

274 4339 302 4403 ie
317 4329 407 4428 profi·
432 4330 515 4407 oren
537 4339 686 4409 eximium
712 4337 848 4409 duodone
868 4337 986 4409 ordinis
1008 4358 1091 4408 orno
1112 4334 1230 4404 domini
1250 4328 1581 4407 MCCCCLXXVI.
1607 4329 1700 4403 Haec
1716 4335 1832 4404 litteris
1848 4334 1934 4425 gorlo·

251 4354 330 4525 grui.
350 4332 522 4521 instrue:
547 4433 695 4526 Sequitur
713 4433 893 4507 irnrnediete
912 4439 1059 4507 initiunt:
1087 4425 1360 4505 inter'ecclesre
1386 4426 1628 4503 fratemitatea
1650 4426 1719 4503 &u
1758 4420 1934 4519 cestus

251 4541 375 4623 tegrurn
396 4531 836 4702 lieltdeibslnojnsizrterruptirds,
860 4537 956 4605 nitito
969 4533 1144 4628 paginale
1157 4524 1271 4620 formu
1284 4531 1412 4624 potenti
1434 4529 1519 4600 clar.
1533 4530 1616 4621 goth.
1634 4520 1792 4621 irrrprtffis.
1809 4520 1871 4616 foi
1885 4548 1933 4601 nro

449 4644 460 4686 Ι
494 4662 501 4681 r
544 4642 621 4694 Η.
1924 4656 1929 4665 “

340 4746 343 4753 ·
1672 4716 1933 4785 MCCCCLXXVl
