4416 5722
671 498 758 579 Gn.
881 500 1027 578 'Gn
1216 497 1304 577 GU.
1772 510 1844 598 325

229 709 311 796 333.
334 698 367 772 b.
411 697 606 792 (Jornnrs
641 718 694 769 na
727 699 1025 789 cantarentur>
1057 692 1218 768 Nomina
1248 710 1286 769 et
1314 693 1426 768 verba
1461 694 1656 777 defectiva.
1707 698 1749 774 ln
1768 698 1840 794 fine

174 802 306 879 lael.
338 798 387 870 Et
408 800 454 870 src
479 795 530 868 est
555 795 649 867 finis,
686 797 779 868 Clrar.
800 798 884 886 golla
901 792 1069 887 fincstgn.
1119 808 1156 880 4.

298 894 442 957 Biblini.
466 891 583 955 Parilia.
606 888 747 975 Lipflens.

227 1023 309 1101 540.
327 1014 362 1084 b.
389 1010 546 1102 Epistole
573 1013 819 1084 Gasraatnr.
847 1007 921 1080 leon
948 1004 1183 1100 Ludimcgistri
1209 1030 1281 1079 cnm
1304 1009 1422 1082 litoius
1441 1007 1599 1105 discipulis
1616 1025 1645 1082 et
1665 1032 1736 1083 cnm
1749 1013 1839 1109 sclie-

174 1136 194 1197 :‚
218 1117 253 1182 in
277 1134 339 1205 qna
366 1113 496 1201 legitur:
537 1110 705 1200 Accipies
730 1110 818 1181 tanti
843 1106 1003 1180 doctoris
1026 1106 1193 1201 dogmata
1216 1102 1346 1183 sancta.
1397 1108 1439 1180 In
1452 1105 1542 1201 fine:
1575 1108 1678 1183 Felix
1698 1108 1839 1205 Episto·

174 1228 244 1282 rum
273 1207 457 1300 Gasparini
487 1205 577 1279 finis.
603 1204 749 1296 folior.
802 1222 836 1291 4.

298 1304 378 1370 Bibl.
399 1305 543 1367 Hoerner.
572 1298 739 1365 finiendae.

230 1429 315 1510 562.
336 1424 371 1495 b.
405 1421 537 1511 Incipit
560 1436 732 1496 tractatus
758 1422 804 1495 de
824 1414 1072 1512 superstitiofis
1098 1415 1311 1508 quibusdam
1337 1418 1472 1495 casibus
1495 1421 1710 1512 compilatus
1732 1429 1768 1502 in
1790 1432 1838 1505 al·

174 1540 186 1592 a
210 1522 445 1595 universitate
473 1518 578 1592 studii
602 1520 798 1594 Colonicn.
827 1538 891 1609 per
922 1516 1163 1589 venerabilem
1187 1515 1386 1610 magistrum
1417 1518 1660 1595 Hermarcun
1682 1520 1842 1601 na'Go·

177 1638 290 1690 cnam
326 1623 422 1692 Sacre
461 1618 619 1711 Theologie
642 1616 841 1714 professorem
870 1619 1031 1687 eximium.
1065 1612 1160 1685 Haec
1182 1619 1218 1685 in
1233 1612 1344 1704 fronte
1362 1614 1424 1707 fol.
1451 1636 1482 1693 1.
1504 1640 1537 1691 a.
1575 1617 1642 1694 Fol.
1667 1626 1701 1696 6.
1724 1648 1755 1697 a.
1781 1631 1841 1705 lin,

177 1773 186 1789 .
213 1719 373 1809 Explicit
394 1731 568 1789 tractatus
590 1717 636 1787 de
660 1712 906 1809 superstitiosis
933 1711 1145 1803 quibusdam
1171 1708 1318 1791 casibus.
1349 1714 1466 1807 Incipit
1484 1730 1657 1791 tractatus
1680 1720 1725 1793 de
1747 1728 1842 1799 cele·

174 1816 295 1887 atione
320 1814 505 1889 festorum.
534 1813 600 1884 Fal.
628 1832 681 1890 12.
704 1839 734 1886 a.
755 1817 810 1887 lin.
834 1830 870 1899 4.
899 1808 1056 1901 Explicit
1080 1824 1252 1883 tractatus
1274 1814 1378 1887 cuius
1400 1812 1500 1904 supra
1520 1814 1566 1887 de
1587 1814 1842 1895 Celebratione

174 1908 314 1986 iorum.
355 1915 472 2007 Incipit
503 1910 644 1983 Omelia
678 1913 771 1985 beati
797 1909 1054 1984 Carsosront
1081 1905 1126 1978 de
1156 1927 1263 1981 cruce
1287 1924 1325 1985 et
1346 1912 1500 1985 latrone.
1549 1912 1591 1986 In
1613 1910 1676 2002 fine
1694 1916 1756 2011 sol.
1782 1938 1838 2010 14.

178 2013 238 2084 lire
259 2025 317 2100 25.
345 2018 381 2084 in
394 2012 503 2105 secula
517 2008 697 2101 seculorum
721 2033 824 2082 amen.
858 2010 953 2081 Char.
970 2006 1054 2097 goii.
1067 2001 1131 2095 fol.
1152 2011 1233 2083 min.

299 2105 441 2169 Biblioth.
468 2101 663 2202 liotbenbucb.

223 2229 307 2317 563.
329 2226 363 2298 b.
403 2225 723 2299 Gnannnretus
759 2244 825 2316 pro
855 2224 1032 2295 iuvenum
1055 2220 1263 2294 eruditione
1291 2240 1374 2295 cerm
1399 2218 1496 2315 glosa
1526 2224 1708 2307 almanica.
1746 2235 1840 2312 Haec

174 2317 369 2481 fronteBsogl
392 2344 467 2480 132.
494 2323 562 2479 {ol
584 2324 648 2396 eod.
670 2324 699 2392 b.
724 2320 850 2416 Figura
872 2318 1107 2412 ludimagistri·
1118 2319 1248 2412 stantis.
1283 2323 1380 2394 Char.
1397 2326 1480 2411 goni.
1497 2320 1573 2412 foll.
1597 2343 1650 2400 11.
1699 2349 1735 2418 4.

326 2442 336 2480 l
370 2463 379 2481 0
422 2441 436 2481 C
459 2440 530 2484 W.
691 2444 698 2457 '

224 2538 307 2628 563.
329 2558 359 2609 c,
395 2539 614 2612 Rudimenta
637 2539 928 2612 Gaansiarrct
950 2534 994 2608 ad
1017 2555 1161 2628 pueros.
1186 2534 1246 2611 De
1260 2534 1426 2629 Remigio
1447 2534 1598 2614 Donato
1616 2541 1838 2625 Alexandro·

174 2650 195 2705 e
219 2634 465 2709 studiosissime
489 2641 591 2710 lecta.
616 2638 874 2711 Grammaticas
902 2637 996 2707 clare
1021 2633 1044 2707 s1
1070 2636 1125 2706 vis
1152 2634 1353 2725 perspicere
1376 2656 1520 2708 normas
1549 2638 1631 2713 Hoc
1658 2642 1749 2717 Petri
1773 2646 1841 2721 Po·

174 2752 203 2807 n
222 2735 369 2826 perlege
392 2735 527 2829 semper
550 2757 642 2827 opus
663 2751 731 2808 etc.
762 2736 909 2808 Haecin
925 2728 1036 2821 fronte
1058 2754 1130 2805 cum
1151 2736 1236 2806 ἰσωιε
1272 2733 1504 2827 Ludimagtstr.
1530 2758 1602 2811 cum
1623 2755 1758 2835 quatuor
1778 2745 1842 2843 dis·

174 2834 238 2903 alo
248 2830 378 2925 filiam:
399 2832 461 2923 fol.
490 2853 517 2905 ι.
540 2859 572 2910 a.
607 2839 703 2909 Clar.
722 2844 804 2928 goti.
821 2829 893 2924 foll.
915 2842 971 2921 38.
1021 2850 1056 2916 4.

296 2929 378 2991 Βιϋί.
400 2930 530 2996 Scirtari.

217 3056 306 3135 574.
329 3069 358 3120 c.
389 3049 574 3122 Barrsra
607 3068 809 3123 nunninus
830 3045 874 3118 ad
903 3042 1080 3117 Malleum
1104 3042 1316 3118 Gambaram
1345 3044 1551 3123 Brixianum
1576 3048 1840 3136 adolescentem

174 3143 340 3221 aerosum
369 3146 577 3238 discipulum
605 3148 705 3221 suum
732 3150 775 3220 de
799 3145 927 3216 ordine
953 3143 1109 3214 docendi
1134 3164 1175 3215 ac
1199 3142 1373 3218 studendi.
1409 3144 1502 3218 Haec
1522 3152 1635 3221 litteris
1662 3156 1837 3247 quandia.
1951 3155 1956 3163 '

178 3241 251 3339 fine
274 3249 364 3315 ncilla
381 3245 573 3340 fiiiscrrptio.
611 3252 707 3321 Clrar.
733 3268 810 3318 rom.
832 3264 904 3314 tum
924 3242 1007 3333 sign.
1034 3262 1116 3311 a-
1132 3263 1158 3313 c.
1179 3238 1251 3331 foll.
1276 3252 1329 3323 18.
1378 3261 1413 3329 4.

180 3436 187 3445 ι
293 3342 372 3401 nnn
402 3345 464 3424 Reg
497 3345 561 3405 Soc·
588 3337 715 3404 Lenda.

177 3500 192 3555 ·.·
216 3464 294 3548 578
327 3462 362 3532 b.
400 3462 591 3555 Margarita
621 3464 817 3536 Bibliorum
843 3457 993 3532 Domini
1016 3455 1150 3531 Fratris
1189 3455 1397 3531 Gurooms
1424 3461 1495 3540 (ne
1526 3470 1838 3560 nrtao)v1cen·

174 3572 219 3631 11
245 3554 396 3653 Episcopi
418 3559 630 3654 narrat-amn
654 3584 692 3632 ex
714 3563 821 3632 ordine
848 3554 1004 3628 Floram
1033 3556 1274 3629 Prcdicalorum
1303 3554 1472 3631 Carmine
1490 3561 1641 3639 reddita
1691 3584 1726 3652 4.

293 3652 411 3743 ,Qum'f
424 3655 445 3715 l.
467 3675 493 3718 c.
519 3655 586 3724 Vol.
611 3658 634 3722 Ι.
656 3675 687 3740 p.
711 3674 768 3735 575
810 3654 879 3714 Vol.
905 3652 937 3710 ll
964 3669 996 3735 p.
1020 3666 1089 3730 819.

217 3762 308 3859 587.
352 3773 546 3880 Rhetorica
583 3778 719 3849 Divina
751 3774 796 3847 de
833 3772 1011 3847 Oratione
1045 3770 1183 3845 domini
1214 3768 1428 3844 Gurtaartr
1460 3770 1639 3848 Pariliens.
1673 3773 1738 3851 &n
1766 3778 1839 3872 foll.

174 3925 183 3947 ι
213 3867 284 3963 sd·
299 3964 348 4045 cf.
373 3965 526 4050 Hupfauer
544 3967 563 4033 l.
585 3987 613 4034 c.
632 3986 662 4055 p.
684 3985 750 4048 25¹·
780 3986 812 4030 n.
832 3980 871 4046 29
903 3964 952 4028 ulii
980 3961 1121 4027 tarcian·
1145 3964 1249 4027 furter
1269 3972 1380 4044 typogr.
1405 3962 1557 4048 Bafilicnfi
1576 3968 1677 4034 datur.

219 4092 308 4169 590.
340 4076 550 4149 Gurteanr
578 4076 745 4169 Episcopi
770 4074 964 4150 Paritiensrs
986 4077 1178 4170 Dyalogus
1203 4075 1248 4146 de
1277 4074 1408 4167 septem
1432 4060 1669 4155 lacram‘entis.
1718 4100 1753 4173 4,

299 4167 345 4250 Cf
374 4174 559 4252 Hapjaaerl
588 4195 614 4235 c.
634 4192 667 4255 p.
690 4192 759 4252 290.
781 4195 813 4235 n.
836 4190 887 4253 75.
910 4176 958 4234 uin
987 4178 1117 4235 Antonio
1139 4170 1303 4253 Kobergere
1324 4182 1429 4271 lypogr
1466 4174 1596 4241 ri'ormb.
1619 4180 1718 4248 datar,

220 4280 381 4358 602.lt·
400 4284 460 4356 Ad
486 4287 635 4376 gloriam
662 4302 699 4358 et
730 4285 920 4378 gratiarum
945 4285 1126 4357 actionem
1152 4287 1333 4357 dominice
1368 4281 1532 4375 passionis
1560 4288 1696 4362 domini
1725 4291 1838 4368 nostri

174 4378 355 4455 inchrilli
386 4380 499 4454 sermo
521 4387 688 4456 tentualis
715 4399 753 4455 et
777 4386 897 4456 brevis
923 4401 944 4453 a
972 4383 1186 4455 venerando
1213 4384 1294 4473 viro
1320 4381 1484 4473 magistro
1520 4385 1712 4475 Jonaxna
1738 4412 1839 4464 rien·

174 4498 230 4551 ert
252 4498 308 4551 ne
332 4500 483 4553 narnis
502 4483 595 4572 ⁸sciere
629 4487 771 4574 a3÷2ongie
794 4477 958 4576 professore
980 4486 1112 4552 minimo
1145 4481 1324 4553 collectus
1349 4483 1453 4553 cuius
1475 4480 1702 4557 summarium
1733 4491 1768 4559 in
1797 4486 1840 4561 fi-

174 4600 211 4652 a
237 4592 385 4652 annexa
405 4581 617 4657 continetur
636 4581 770 4677 Incipit
793 4581 977 4750 feliciter.s
992 4574 1088 4652 Haec
1107 4584 1142 4653 in
1151 4576 1264 4670 prome
1281 4574 1343 4669 foi.
1370 4600 1402 4656 1.
1419 4602 1452 4653 a
1479 4578 1550 4655 sol.
1566 4600 1601 4660 2.
1630 4588 1741 4679 incipit
1768 4582 1841 4655 ser·

985 4693 1053 4770 aa
1772 4694 1839 4747 mo

1820 5132 2060 5312 ff*
