4448 5724
249 506 299 591 aa
760 542 766 581 2
822 488 1065 572 venumda
1117 450 1388 571 ansanum.

251 693 283 767 i.
312 689 477 787 Philippus
507 680 682 764 Gundelius
705 626 890 764 studione.
940 684 982 762 In
1003 688 1092 783 fine:
1136 691 1278 766 Viennae
1301 687 1455 785 Aufltiae
1480 700 1543 784 per
1565 682 1732 785 Jumnen
1754 628 1963 785 siugrmum

98 786 106 803 ’
234 780 440 888 ’ἑωρνεχῖαηι
465 786 573 873 Anno.
600 789 655 861 M.
666 789 713 863 D.
726 786 865 864 XVIII.
893 785 1021 889 Quarto
1041 790 1090 864 die
1110 792 1263 887 Septem.
1313 809 1352 877 4.

262 989 269 997 .
421 901 518 964 Deris
536 899 560 965 i.
583 920 614 970 c.
629 915 666 985 p.
690 912 762 980 184.

349 1046 434 1200 333.
472 1028 635 1202 Liberius
656 1028 705 1144 de
726 1028 994 1147 compositione
1014 1029 1219 1200 regularplm
1236 1046 1307 1121 pro
1334 1023 1503 1100 uasorum
1524 1025 1803 1201 mensuratiotke.
1824 1029 1965 1201 'licique

244 1136 804 1320 i‘sz..3‚.‘⁰.i...²iiii.i
821 1145 1739 1324 innitimini:..iiiiiiiiii.
1767 1143 1965 1304 ..inii

254 1321 400 1414 edituo„
419 1322 488 1395 Fal.
512 1341 548 1400 a.
571 1347 603 1396 a.
631 1323 774 1396 Dicatur
798 1323 967 1400 Ladislao
996 1326 1042 1398 de
1062 1325 1270 1398 Bolkowitz
1299 1336 1337 1395 et
1360 1321 1397 1394 T
1400 1319 1596 1397 schetnaho
1615 1361 1665 1382 ·-
1688 1325 1990 1402 Marchionatut‘

256 1420 448 1538 Mortuiae
473 1419 639 1514 supremo
667 1419 913 1531 Cameratim
938 1425 979 1496 ln
992 1422 1084 1540 fimet
1125 1417 1310 1539 lnrpraffiem
1336 1419 1476 1534 Viennae
1503 1421 1691 1537 donnoniae
1712 1423 1966 1595 pmgpannern

253 1519 483 1690 Qum,
497 1519 662 1704 {apansa
680 1519 794 1594 Lucae
816 1521 973 1619 Alautsae
993 1524 1129 1616 uneup.
1154 1524 1307 1594 Vennen.
1333 1516 1469 1659 Septuma
1487 1519 1536 1591 dtr
1556 1519 1749 1613 &permutes
1830 1547 1882 1631 ‚¹⁰·
1910 1523 1965 1603 M.

224 1670 307 1695 Ι.
383 1666 761 1813 ’ὡώὲαμηι

352 1858 436 1930 204.
479 1844 657 1940 Joumnrs
682 1869 895 1925 camenam
927 1850 965 1923 in
993 1859 1155 1942 quatuor
1179 1842 1364 1940 gestorum
1389 1842 1464 1919 Ro.
1495 1842 1600 1918 Lucii
1629 1844 1731 1921 Flori
1764 1847 1827 1923 lib.
1852 1847 1968 1927 Index

254 1941 523 2033 copiostffimus.
549 1945 704 2022 Sexcus
733 1969 875 2039 nurus,
893 1945 947 2020 'de
969 1947 1099 2042 Regia:
1126 1943 1334 2020 Consulari:
1360 1963 1401 2017 ac
1423 1942 1600 2036 Imperiali
1621 1945 1808 2038 dignitate.
1835 1949 1968 2044 Deque

255 2037 581 2136 Romanilmperii
607 2042 824 2135 accessione‚
850 2066 916 2141 per
933 2046 1092 2120 eundem
1112 2043 1354 2116 Cannarum
1378 2041 1443 2115 iuo
1467 2042 1612 2117 tandem
1633 2047 1744 2117 nitori
1770 2066 1875 2136 quam
1900 2068 1970 2143 op·

256 2139 345 2209 time
365 2137 563 2216 restitutus.
593 2146 803 2237 cumgratia
825 2160 854 2218 et
872 2145 1057 2235 Prioilegio.
1080 2143 1232 2238 Sequitur
1249 2140 1480 2235 Privilegium
1493 2179 1545 2196 -
1568 2140 1682 2215 Index
1700 2145 1741 2217 in
1760 2142 1970 2219 Florum-

125 2256 137 2270 ’
266 2234 426 2311 Tandem:
459 2239 748 2330 Lucumone,
785 2243 971 2316 Bellorum
999 2242 1249 2315 Romanorum
1271 2238 1459 2332 Epitomes
1484 2240 1585 2317 Libri
1608 2239 1786 2338 Quatuor.
1812 2243 1966 2338 Joannie

253 2329 433 2410 ,Camertis
447 2375 498 2396 ·-
518 2340 556 2412 in
575 2339 725 2417 eosdem
747 2342 860 2415 libros
885 2356 1043 2434 quatuor
1068 2340 1346 2414 annotationum
1363 2335 1538 2414 Libellus.
1555 2333 1750 2430 Sequitur:
1775 2339 1876 2416 Sexti
1892 2340 1969 2416 Ru·

256 2427 284 2503 fi
312 2430 390 2508 Viri
411 2433 616 2512 Consularis
641 2439 687 2511 de
706 2439 822 2514 tribus
843 2439 1094 2516 Romanorum
1118 2437 1313 2530 imperandi
1333 2438 1524 2529 generibus
1544 2436 1614 2510 dte.
1663 2437 1705 2510 In
1719 2437 1809 2532 fine:
1832 2439 1971 2538 Impres-
2035 2448 2038 2452 ’

245 2525 327 2624 stem
351 2530 495 2608 Viennae
518 2534 707 2611 Pannoniae
720 2552 782 2633 per
804 2537 970 2636 Jaaunem
990 2538 1209 2631 Singrertium.
1235 2531 1334 2607 Anno
1353 2538 1456 2620 1518.
1487 2533 1612 2629 inſsgne
1630 2549 1754 2630 typogr.
1805 2556 1839 2626 4.

423 2645 545 2713 Μαίη.
560 2645 604 2716 ll.
619 2664 654 2734 p.
676 2655 746 2728 316.
788 2651 884 2716 Deris
900 2649 925 2716 i.
944 2669 973 2715 r.
986 2666 1024 2736 p.
1049 2663 1117 2723 188.
1161 2645 1266 2714 uiua.
1289 2649 1437 2713 Murciam
1453 2664 1488 2734 p.
1510 2653 1580 2727 aar.

287 2826 294 2833 -
357 2785 443 2868 205.
467 2779 831 2860 Usus-Acumen
856 2783 918 2860 seu
943 2782 1241 2878 Ephemeridum:
1266 2803 1314 2856 ex
1339 2782 1605 2857 commentariis
1626 2778 1807 2856 Geonctr
1835 2804 1969 2859 annu·

257 2891 420 2949 crucan
448 2883 619 2975 Caiimitii,
660 2884 907 2977 Praeceptoris
929 2884 981 2956 sui
1002 2883 1185 2977 decerpti,
1210 2897 1250 2956 et
1266 2884 1303 2955 in
1318 2884 1577 2976 quinquaginta
1597 2880 1878 2971 propofitiones,
1902 2902 1970 2976 per

260 2970 471 3065 Magistrum
494 2978 708 3055 annaeum
731 3004 996 3058 renuncutum
1024 2981 1148 3055 sticum
1168 2979 1526 3076 Redacti.1i'dilt'ppus
1546 2979 1721 3051 Gartdeliut
1742 2980 1880 3056 Lectori
1902 2981 1969 3055 Di·

249 3065 355 3163 stieha
373 3072 439 3149 IV.
475 3074 623 3152 Haecin
637 3075 746 3168 fronte
760 3078 820 3173 fei.
846 3101 875 3155 1.
897 3105 927 3154 a.
954 3079 1023 3153 Fal.
1043 3081 1106 3153 eod.
1126 3083 1159 3152 d.
1184 3078 1334 3153 Andreas
1353 3073 1687 3153 pernumeratum
1708 3093 1738 3150 et
1757 3079 1970 3176 Philosophiae

261 3164 424 3263 Magister
446 3173 667 3272 Leucorum,
683 3179 717 3251 S.
767 3179 809 3250 ln
825 3176 913 3270 fimet
940 3179 1032 3252 Cum
1049 3178 1161 3252 Caeli.
1188 3178 1314 3250 Maies.
1333 3177 1444 3269 gratia
1467 3192 1504 3252 ct
1525 3174 1717 3267 privilegio
1734 3176 1878 3251 doctori
1895 3166 1968 3250 Ge·

259 3268 364 3358 orgio
395 3266 628 3348 Tannstetter
657 3274 858 3349 Collimitio
883 3276 1064 3354 concedo.
1104 3276 1268 3349 Tandem:
1314 3271 1499 3371 impreffum
1527 3277 1664 3344 Viennae
1694 3274 1882 3349 Pannoniae
1907 3290 1969 3368 per

259 3359 495 3460 Hieronymum
527 3371 684 3448 Victorem
709 3373 862 3470 Expertfis
881 3373 1026 3473 Jeannis
1050 3377 1195 3449 ankrr
1213 3373 1401 3469 Bibliapoiae
1419 3372 1520 3446 Anna
1540 3372 1600 3443 dni
1625 3369 1795 3466 Miliessmo
1817 3380 1969 3469 quingen·

259 3458 362 3552 lefimo
384 3464 501 3539 decimo
519 3484 641 3544 amnuo.
689 3493 726 3560 4.

427 3576 522 3642 Deris
541 3578 563 3644 i.
585 3598 611 3645 c.
629 3594 666 3665 p.
691 3591 756 3663 189.
797 3579 905 3650 utura.
925 3577 1070 3647 Mencken·
1090 3595 1125 3665 p.
1146 3585 1217 3663 269.

359 3716 443 3790 206.
469 3719 579 3793 Liber
602 3716 900 3795 Ecccasrnsces
925 3738 1001 3811 quo
1025 3739 1103 3795 non
1127 3720 1248 3793 minus
1271 3716 1381 3793 docte
1402 3734 1509 3809 quam
1533 3710 1670 3792 sancte:
1702 3715 1813 3792 beato
1838 3715 1972 3796 Hiero·

261 3824 376 3899 nyma
402 3813 510 3890 teste:
538 3818 652 3890 homo
674 3818 718 3890 ad
740 3838 828 3890 vere
850 3819 995 3891 virtutis
1018 3820 1114 3893 viam
1136 3832 1174 3892 et
1202 3818 1369 3891 uanitatis
1390 3815 1495 3893 huius
1519 3814 1644 3886 mundi
1664 3830 1890 3892 contemtum
1914 3821 1970 3895 in·

260 3903 417 3988 ducitur.
468 3914 510 3986 Iu
530 3913 613 4005 fine:
648 3915 790 3990 Viennae
811 3914 1001 3990 Parnmtioe
1012 3931 1077 4013 per
1104 3913 1268 4016 Joannern
1293 3917 1500 4010 Singrenium
1517 3907 1699 4010 impreffnm
1730 3911 1971 4006 Anno-demini

262 4001 319 4078 M.
328 4013 479 4087 CCCCC.
488 4012 626 4086 XVIII.
673 4032 709 4102 4.
1481 4050 1490 4057 -
1863 4050 1867 4058 ·

427 4124 523 4186 Deris
541 4121 565 4190 i.
587 4141 615 4187 r.
630 4138 665 4208 p.
691 4125 758 4204 189.

357 4275 442 4346 207.
467 4257 522 4332 M.
548 4259 600 4335 T.
626 4258 851 4334 thenouts
876 4256 1009 4336 Oratio
1028 4250 1321 4342 luculentiffima,
1344 4273 1452 4346 quam
1476 4272 1544 4347 pro
1566 4251 1668 4330 Aulo
1693 4250 1836 4327 Licinio
1857 4267 1972 4349 poeta

259 4351 406 4445 habuit,
440 4357 538 4430 unde
567 4373 605 4431 et
626 4378 751 4452 magna
771 4355 939 4429 Poeticae
965 4356 1103 4429 lausia
1125 4351 1283 4445 hacipsa
1309 4356 1518 4427 continetur
1545 4353 1732 4428 coloribus
1760 4349 1969 4428 Rhetoricis

261 4451 298 4525 in
324 4457 480 4547 margine
504 4455 568 4529 suo
591 4459 677 4530 loeo
702 4459 884 4548 eleganter
911 4452 1089 4547 appolitis.
1125 4451 1298 4529 Udairims
1319 4449 1418 4524 Fabri
1441 4451 1637 4525 manuam.
1663 4449 1811 4545 Disticha
1831 4450 1897 4530 IV.
1924 4451 1970 4525 la

253 4547 340 4644 fine:
378 4553 462 4629 Ode
496 4555 745 4631 Choriambica
776 4553 820 4628 ad
840 4552 1044 4649 Rupertum
1066 4550 1262 4627 Aretinum
1281 4549 1372 4625 alita
1396 4547 1514 4646 Hedei
1537 4550 1712 4647 collegam
1730 4564 1840 4643 atque
1861 4565 1970 4722 miii

831 4692 838 4699 -
1299 4658 1302 4665 '
1457 4666 1460 4671 ·
1881 4666 1929 4723 na
