4448 5724
835 498 1093 648 1111111111.
1748 506 1828 678 393‘

68 871 188 940 civis
209 883 264 941 tto.
292 867 409 938 Atatem
460 884 496 951 4.

274 961 417 1027 auctori.
442 955 643 1022 Rotbeabaclr.

91 765 260 857 offitioina
285 765 371 863 (sta)
392 764 520 862 providi
548 771 615 841 uiri
635 764 729 840 Adae
753 744 846 841 Pila
869 770 906 842 de
928 752 1158 865 Langendooff
1175 770 1369 864 calcographi
1390 782 1483 868 atque
1511 777 1651 847 ciuitatis
1669 772 1817 872 prefatae
1971 876 1995 909 ,ὃ

202 1084 337 1154 roob.
374 1081 601 1174 Argumenta
631 1083 836 1154 communia
867 1078 912 1154 ad
936 1080 1166 1155 inferendum
1191 1063 1381 1173 sophistice
1406 1104 1697 1179 unamquemque
1725 1086 1814 1183 (fir)
1941 1116 1945 1123 ·

63 1180 390 1281 propoiitionem
423 1180 493 1252 elle
526 1198 647 1250 veram
682 1182 744 1250 vel
779 1177 912 1254 falsam.
959 1178 1071 1273 Imago
1106 1185 1172 1252 oiri
1203 1183 1238 1250 de
1274 1182 1419 1252 cathedra
1451 1185 1595 1258 docentis.
1658 1186 1699 1256 In
1725 1184 1814 1276 fine:
1852 1264 1869 1279 ,

52 1271 152 1366 fit
174 1278 221 1349 fic
244 1282 350 1351 habes
379 1279 496 1350 lucide
523 1294 560 1351 et
588 1273 677 1348 terse
705 1278 1046 1369 Argumentationes
1070 1276 1274 1370 sophisticas
1301 1280 1337 1351 in
1365 1281 1465 1353 omni
1490 1285 1637 1359 materia
1656 1281 1813 1375 netella-

53 1371 185 1461 tias
218 1373 403 1474 Impreffirm
426 1375 566 1468 Bofileoe
587 1373 652 1446 IV.
677 1375 762 1448 Kal.
789 1374 909 1470 April.
933 1373 1032 1463 Anno
1057 1379 1175 1450 doraini
1191 1375 1348 1451 MDXI.
1396 1397 1433 1464 4.

269 1468 419 1535 arment.
443 1466 640 1535 Rotbcahsch.
1441 1482 1445 1487 ·

891 1570 1034 1670 ttnxn(

176 1714 284 1793 103.
304 1701 340 1773 b.
364 1697 508 1773 Postilla
535 1703 688 1775 maiores
718 1696 874 1793 (Fratris
899 1698 1160 1790 Guttuntnrt)
1187 1700 1227 1774 in
1251 1696 1428 1794 Epistulas
1455 1715 1493 1774 et
1518 1698 1714 1796 Evangelia
1736 1720 1810 1780 tam

58 1799 369 1875 dominicalium
398 1798 683 1890 feriatornmque
709 1796 865 1887 dictum,
905 1818 1010 1888 quam
1042 1794 1219 1871 festorum
1245 1796 1525 1893 sanctorumque
1555 1807 1718 1876 omnium
1744 1816 1811 1896 per·

57 1899 212 1971 totius
252 1899 335 1981 anni
358 1895 544 1970 decursum
576 1920 648 1975 una
679 1916 759 1968 cum
789 1893 947 1988 pollione
971 1895 1057 1990 Jesu
1080 1893 1209 1969 Christi
1242 1914 1444 1988 equatuos
1467 1900 1691 1992 evangelistis
1721 1923 1810 1976 con·

91 1997 242 2070 ‘nnata
280 1997 359 2087 (per
386 1995 445 2066 Fr.
467 1995 636 2081 Danielem
659 1994 868 2086 Agricolam)
904 1991 998 2067 Haec
1027 1998 1062 2065 ia
1086 1989 1192 2082 fronte
1215 2016 1288 2066 cam
1306 1995 1398 2085 scuto
1423 2002 1619 2094 typographi.
1669 1998 1711 2070 In
1738 1997 1809 2091 fiae

114 2095 216 2165 dicis
241 2092 464 2182 Pollilloram:
491 2093 589 2166 Finis
616 2091 840 2165 Postillarurn
863 2132 912 2147 -
933 2088 1073 2183 dassleae
1086 2091 1215 2186 firramo
1233 2092 1361 2183 stadio,
1393 2097 1557 2169 1111111111
1581 2094 1726 2188 impenftr
1743 2096 1808 2193 Jo-

53 2209 197 2261 armes
218 2189 392 2263 hitherius
413 2196 622 2283 imprimebat.
657 2189 755 2262 Anno
775 2188 894 2284 salutis
920 2190 1076 2259 humanae
1104 2188 1274 2261 MDXII.
1303 2190 1345 2261 Χ.
1370 2191 1484 2263 Kalen.
1505 2193 1709 2286 Septembres.
1750 2197 1807 2267 Se·

49 2291 206 2378 patitur
230 2285 340 2359 Pallio
364 2288 496 2361 christi.
545 2290 586 2361 ln
601 2287 689 2380 fine:
727 2284 839 2360 Pallio
868 2287 1004 2359 domini
1034 2284 1144 2359 nostri
1168 2287 1256 2382 Jesu
1284 2285 1403 2360 christi
1423 2326 1471 2342 -
1487 2286 1719 2385 foelicispdere
1744 2304 1808 2364 ter·
1956 2302 1966 2317 ·

49 2387 221 2457 mirarem
240 2386 357 2480 sortita
387 2387 429 2478 esi
459 2385 540 2461 Vll.
573 2388 688 2458 Kalm.
716 2385 908 2477 Septembres
936 2383 1076 2464 Rahleae
1100 2390 1136 2457 in
1163 2382 1284 2478 mirina
1312 2384 1471 2481 amalario
1496 2387 1642 2483 magistri
1663 2386 1808 2487 Jrarcais

55 2473 248 2557 Frobenii
271 2480 522 2576 Hamelbnrgen.
547 2483 646 2560 Anno
677 2485 797 2556 Satoris
822 2481 877 2556 M.
890 2480 936 2558 1).
947 2480 1031 2554 xla
1080 2501 1117 2570 4.

127 2652 131 2657 .
263 2586 410 2656 31111111.
429 2586 528 2673 Jofcb.

876 2723 1020 2787 moiun.

198 2836 280 2910 113.
297 2816 333 2892 b.
361 2815 486 2891 Ludus
510 2814 559 2891 L.
584 2814 757 2913 Annam
783 2836 962 2889 senecae
988 2817 1034 2889 de
1054 2826 1174 2889 morte
1199 2813 1441 2891 caeteteris.
1466 2813 1657 2892 Serestus
1682 2839 1806 2897 cens·

64 2929 241 2992 unnsts
275 2915 320 2988 de
348 2918 512 2990 laudibus
540 2912 683 2991 C'tlvitii
712 2935 795 2988 cum
832 2914 973 2989 scholiis
1007 2915 1109 2987 Beati
1133 2914 1321 3000 Rhenani,
1359 2931 1396 2988 et
1422 2916 1515 2992 Des.
1544 2937 1697 2989 1111111
1730 2920 1807 2995 Ra

64 3005 304 3189 ἱιῖἕῖῧίοῃ
336 3015 479 3088 Moriae
507 3034 591 3088 cun
620 3012 1046 3160 commentariensem
1091 3010 1231 3104 Bastleae
1258 3014 1344 3108 apud
1374 3011 1500 3111 Joarm.
1532 3013 1722 3090 Frohmiam
1758 3017 1809 3091 M

234 3170 242 3191 ·
265 3127 465 3282 6111111111.
493 3214 600 3292 Carlrfi
620 3231 655 3299 p.
674 3226 747 3295 481.

197 3342 276 3418 118.
318 3332 464 3408 Postilla
489 3331 731 3407 Gutttanut
756 3329 861 3437 supet
883 3328 1062 3424 Epistolis
1087 3344 1125 3406 et
1147 3328 1363 3429 Evangelia:
1394 3343 1461 3427 p'et
1487 3347 1607 3410 totum
1628 3337 1712 3411 anni
1736 3338 1805 3419 cir·

10 3490 13 3503 .
75 3429 253 3511 cuitum:
288 3435 347 3507 De
370 3449 554 3524 tempore,
587 3432 726 3504 Sanctis
748 3448 786 3505 et
808 3436 875 3522 pro
902 3432 1065 3505 defunc·
1091 3448 1103 3475 ⁰
1140 3452 1201 3501 ere
1229 3446 1266 3504 et
1286 3447 1362 3505 arte
1390 3454 1490 3504 nova
1510 3435 1692 3526 impressa:
1719 3456 1804 3512 cum

79 3535 248 3609 quadam
270 3533 420 3607 notabili
448 3532 688 3620 interlineari,
714 3531 892 3604 hactenus
917 3447 1259 3605 invisatqd'uiusdam
1285 3532 1355 3601 viri
1378 3531 1548 3623 religiosi,
1575 3553 1643 3624 pro
1667 3530 1805 3609 schola·

10 3642 12 3673 ²
83 3613 190 3704 sticis
216 3648 373 3705 exarata:
396 3631 681 3722 Directorioque
709 3629 935 3720 alphabetico
961 3629 1141 3701 adornata
1174 3627 1258 3698 laon.
1286 3626 1541 3703 Tetrastichon
1568 3632 1628 3703 Ad
1653 3629 1803 3707 Librum

63 3708 132 3793 1·
161 3731 209 3806 D.
228 3733 278 3805 A.
303 3731 328 3823 ζ
331 3729 446 3800 Frater
473 3729 594 3799 Daniel
615 3726 792 3820 Agricola)
826 3725 918 3798 Haec
943 3730 976 3798 lro
988 3723 1108 3817 fronte.
1132 3722 1199 3796 Fal.
1217 3726 1281 3800 eod.
1301 3726 1331 3794 h.
1358 3728 1469 3801 Adam
1492 3728 1582 3800 Petri
1598 3729 1727 3800 Lectori
1742 3733 1803 3802 Sa-

10 3738 201 3963 nam.
253 3828 294 3901 ln
312 3824 399 3920 fiaes
432 3825 532 3899 Finit
556 3825 732 3916 expositio
757 3824 949 3897 Guillermi
973 3824 1076 3917 super
1100 3823 1352 3915 evangelia-
1391 3836 1428 3896 e'x
1453 3822 1573 3915 apicios
1589 3821 1804 3919 prouidi'oiri

10 3954 12 3961 ·
86 3914 206 4001 Adam
236 3927 329 3999 Petri
360 3927 396 3996 de
429 3920 668 4017 Longendorff:
702 3919 1004 4015 civis’Bafilimfis,
1028 3916 1252 4014 'imprefforiae
1277 3925 1360 3991 artis
1382 3928 1479 4014 gnari
1505 3937 1666 3995 emanata:
1703 3922 1803 3997 Anno
1873 3978 1876 3983 <

85 4022 252 4116 ’ἤι’-11111111
274 4021 513 4120 quingentestmo
532 4023 648 4092 decimo
668 4025 761 4092 tercia
778 4023 882 4112 pridie
906 4018 1068 4091 Kalendas
1093 4016 1254 4112 Augusti:
1289 4017 1413 4111 Bafilea
1429 4016 1564 4110 fabrice:
1594 4022 1718 4096 domino
1742 4047 1818 4097 au·-

80 4110 158 4196 ²²m
176 4124 279 4218 nostro
307 4125 403 4193 droco:
430 4125 492 4196 Cui
509 4119 556 4213 fit
581 4124 652 4191 laus
674 4132 703 4189 et
725 4122 828 4211 gloria
848 4123 885 4190 in
902 4116 1034 4214 flocculo
1044 4113 1246 4210 stceoalorom
1266 4114 1385 4219 Anam
1416 4133 1472 4206 ,4.
1600 4154 1606 4165 ,

262 4224 399 4291 collectio
422 4224 531 4303 nostra.
551 4254 566 4287 ...-
593 4288 598 4295 ,

193 4362 274 4437 119.
299 4274 601 4419 Β111110111111
626 4345 665 4418 in
687 4341 802 4416 'dnice
831 4340 996 4434 pollionis
1026 4343 1199 4419 articulos
1225 4284 1480 4417 Decastichon.
1512 4340 1552 4415 F.
1577 4341 1625 4416 D.
1652 4340 1801 4435 Agrico·

72 4420 148 4521 Ῑὶε
170 4445 307 4518 ordinis
329 4436 510 4516 minorum
533 4443 577 4516 ad
606 4442 783 4515 devotum
807 4443 1067 4515 meditatorem.
1098 4440 1264 4534 Sequitur:
1290 4437 1400 4512 Pallio
1423 4440 1559 4512 domini
1585 4438 1697 4512 nostri
1718 4443 1801 4535 Jeiu

72 4532 212 4619 christi
236 4540 430 4615 secundum
458 4541 582 4614 seriem
608 4554 765 4631 quatuor
791 4536 1104 4634 evangelistarum:
1130 4557 1196 4628 per
1216 4537 1363 4625 fratrem
1384 4537 1609 4621 Donassent
1634 4558 1801 4614 nanteo-

55 4633 326 4725 tutoresne
349 4645 509 4714 minorum
534 4640 572 4713 dc
592 4637 807 4738 alsmantia:
845 4632 1098 4716 accuratiffirna
1122 4656 1233 4731 opera
1259 4633 1802 4735 devotiffimsque.expolltione

128 4751 247 4826 arna.
276 4763 339 4839 epp.
364 4751 434 4820 Vel.
459 4752 523 4818 lx.
1011 4731 1112 4808 Ddd
1651 4730 1800 4810 illustra·-
